3109 4884
809 345 849 411 18

272 537 408 605 videtur.
451 538 535 605 Nam
557 544 593 603 ut
614 537 743 621 longius
766 557 955 625 pergamus,
987 539 1105 623 Lysias
1132 539 1165 604 in
1192 560 1228 604 re
1254 538 1384 626 publiea

273 645 416 729 gerenda
430 645 556 711 omnino
579 644 701 710 nullum
723 644 822 710 alium
845 652 965 711 statum
983 645 1132 730 agnoseit
1153 645 1217 712 nisi
1240 652 1296 711 aut
1318 645 1384 730 ple-

272 773 347 818 nam
369 752 632 837 aequabilitatem
655 759 711 818 aut
734 753 921 819 servitutem
943 752 996 818 vel
1019 752 1277 819 dominationem.
1314 754 1385 818 Ηυο

273 860 378 927 eluoet
401 880 442 926 ex
470 858 653 945 antithetis,
681 880 765 943 quae
795 865 935 926 ueterum
962 879 1089 942 quoque
1117 861 1198 927 satis
1227 861 1385 926 notabilia

274 972 360 1052 sunt,
394 967 483 1033 velut
519 969 540 1047 ξ
569 970 611 1034 68
643 974 814 1055 νικήσαντες
846 971 896 1053 μέν
926 970 983 1051 γὰρ
1016 966 1148 1039 ἐκείνους
1174 980 1238 1033 τῶν
1275 966 1386 1036 αὐτῶν

272 1072 382 1159 ήξίουν,
398 1076 629 1162 διστυχήσαντες
637 1075 669 1138 δὲ
677 1076 791 1158 βέβαιον
804 1078 857 1158 τήν
870 1075 1036 1139 δουλείαν
1048 1085 1109 1146 τοῖς
1122 1073 1152 1138 ἐν
1166 1073 1384 1163 Πελοποννήσῳ

272 1183 440 1266 κατέλιπον,
474 1183 523 1265 12,
556 1182 598 1246 93
634 1179 811 1267 ἡττηθέντες
841 1185 892 1267 μὲν
924 1187 1061 1268 νικήσασι
1091 1186 1129 1245 τὸ
1154 1181 1232 1246 ἴσον
1263 1185 1384 1269 ἔχετε,

272 1293 444 1375 νικήσαντες
467 1283 493 1352 δ’
517 1285 553 1353 ἀν
576 1290 687 1359 τοίντοις
709 1286 926 1352 έδουλεὺετε.
958 1285 1001 1351 Et
1019 1286 1213 1353 simillimum
1231 1287 1385 1371 quiddam

273 1400 323 1460 est
360 1396 411 1479 12,
447 1396 490 1461 35
527 1391 776 1481 (δισωχήσαντες
814 1391 873 1479 δέ).
939 1393 982 1458 At
1017 1393 1075 1458 illa
1112 1395 1186 1479 ipsa
1223 1395 1383 1481 oppositio

274 1503 478 1566 δουλείιειν-το
498 1500 563 1567 ἴσον
586 1503 667 1588 ἔχειν
690 1500 849 1565 invenitur
871 1519 981 1566 rursus
1005 1502 1025 1580 ξ
1049 1502 1101 1585 56,
1129 1520 1201 1566 eum
1222 1502 1384 1569 Isocrates

275 1606 404 1691 quidem
424 1606 577 1674 videlieet
598 1606 707 1674 hiatus
732 1605 876 1672 evitandi
899 1626 999 1673 eausa
1026 1627 1090 1671 non
1117 1615 1219 1693 ponat
1243 1609 1307 1675 nisi
1334 1630 1383 1674 ar·

276 1714 374 1779 tioulo
398 1714 517 1780 omisso
537 1714 602 1780 ἴσον
629 1713 709 1801 ἔχειν
739 1717 767 1798 7,
792 1716 844 1781 69.
893 1717 942 1799 12,
968 1717 1040 1781 179.
1087 1717 1137 1800 14,
1160 1719 1211 1782 20.
1259 1720 1309 1802 18,
1332 1719 1384 1784 23.

273 1819 367 1906 Ιίοιυ,
398 1827 433 1887 ut
463 1820 498 1886 id
525 1821 587 1887 hoe
617 1821 688 1885 loeo
712 1821 932 1906 absolvamus,
964 1820 997 1885 in
1029 1821 1186 1888 eiusmodi
1217 1822 1384 1889 antithetis

273 1926 388 1994 eadem
409 1928 509 1994 verba
540 1927 714 2013 superandi
747 1935 781 1994 et
808 1927 1035 1996 suooumhendi
1065 1930 1148 1995 inter
1180 1950 1216 1996 se
1247 1930 1383 1998 variant.

272 2034 356 2100 Nam
379 2035 477 2100 etiam
491 2034 572 2100 illud
587 2033 764 2123 ἡττηθέντες
787 2042 1025 2125 μὲν-νικήσαντες
1047 2039 1078 2100 δὲ
1099 2057 1210 2104 rursus
1225 2038 1385 2104 invenitur

274 2143 295 2220 §
321 2143 370 2227 14,
394 2142 433 2208 of.
456 2144 509 2227 34,
532 2145 561 2208 8.
607 2140 642 2229 (3
667 2145 719 2210 38.
743 2145 794 2227 12,
818 2145 883 2225 36).
928 2142 972 2207 At
994 2141 1082 2228 apud
1109 2143 1192 2210 alios
1215 2145 1384 2229 imprimis·

276 2268 339 2330 que
370 2246 458 2333 apud
488 2248 665 2314 Isocratem
696 2248 729 2312 in
760 2247 823 2312 hae
853 2267 889 2313 re
920 2268 1025 2332 paene
1055 2269 1121 2314 non
1148 2250 1292 2319 invenies
1321 2253 1384 2319 nisi

274 2354 454 2421 sexcenties
478 2373 557 2420 sane
579 2353 660 2419 illud
682 2353 797 2421 lectius
820 2358 1215 2444 κατορθώσας-διαμαρτών.

339 2460 481 2547 Deinde,
513 2467 548 2527 ut
571 2463 613 2528 ah
636 2461 701 2527 alio
724 2461 881 2548 principio
910 2462 1060 2529 exordiar
1088 2463 1209 2550 dieere,
1241 2466 1385 2533 iustitiae

273 2568 512 2653 aequitatisque
554 2569 680 2655 speeies
717 2588 757 2634 ae
788 2569 876 2635 notio
908 2576 1071 2654 tamquam
1102 2571 1190 2636 filum
1222 2570 1384 2652 quoddam

273 2676 429 2741 intextum
450 2697 509 2761 per
530 2675 650 2759 Lysiae
673 2675 836 2742 orationes
859 2676 996 2742 trahitur
1024 2674 1227 2758 dilucideque
1255 2675 1289 2738 in
1317 2673 1382 2758 epi·

274 2783 385 2868 taphio
408 2783 603 2867 agnoscitur.
647 2784 695 2849 Ao
717 2783 1032 2868 praestantissimum
1053 2781 1197 2847 iustitiae
1218 2800 1333 2847 munus
1352 2786 1384 2846 et

274 2890 415 2957 officium
437 2890 489 2957 his
511 2890 618 2956 verbis
641 2888 769 2955 videtur
783 2909 985 2975 expressum:
1010 2891 1088 2969 §19
1112 2891 1199 2962 τους
1222 2889 1384 2970 ἀγαθοὺς

273 3000 995 3085 τιμῶντεςκαὶτοδςκακοδςκολάζοντες,
1010 2996 1384 3081 31,3οτοὺςάγαθοδς

272 3104 533 3193 ἀνδρας-τιμᾶτε
555 3109 617 3170 καὶ
639 3107 719 3178 τοὺς
741 3107 879 3176 κακοδς
901 3102 1065 3191 ἀτιμάζετε,
1089 3102 1185 3168 eiih.
1201 3105 1252 3187 26,
1267 3100 1384 3167 deinde

275 3214 317 3277 29
343 3211 602 3300 ἐτιμήσατε-μη
624 3214 804 3280 κολάσετε.
849 3211 942 3278 Liaet
964 3218 1072 3276 autem
1095 3228 1234 3293 sequens
1258 3215 1383 3276 senten·

273 3318 319 3385 tia
348 3319 479 3404 paulum
508 3318 657 3402 quaesita
688 3325 786 3402 atque
816 3319 923 3385 verbis
954 3317 1093 3383 dilatata
1124 3337 1197 3383 esse
1228 3315 1385 3401 videatur,

272 3432 380 3492 tamen
403 3427 532 3510 singula
560 3446 707 3510 quaeque
735 3425 804 3492 eius
832 3425 990 3492 elementa
1017 3424 1173 3510 exemplis
1201 3424 1281 3490 satis
1312 3443 1384 3509 pro·

274 3533 345 3599 bari
380 3539 530 3619 possunt:
572 3536 592 3613 ἐ
632 3536 674 3600 14
713 3535 781 3606 τοὺς
822 3533 1082 3620 ἀδικουμένους
1118 3532 1282 3607 ἐλεοῦντες,
1318 3533 1386 3601 τους

272 3637 514 3725 δ’δβρίζοντας
537 3650 718 3728 μισοῦτες,
744 3624 798 3705 καί
824 3642 892 3712 τοδς
915 3645 966 3726 μέν
987 3642 1139 3705 κωλυειν
1162 3638 1383 3725 ἐπιχειροῦντες,

271 3759 334 3820 τοῖς
356 3747 593 3832 δ’ἐπικουρεῖν
616 3746 775 3824 ἀξιοῦντες,
803 3749 856 3831 28,
881 3748 921 3812 13
944 3756 995 3812 τοῦ
1018 3749 1131 3812 δικαίου
1158 3744 1385 3830 ἐπιθυμοῦντες-

272 3857 414 3928 καὶτοὺς
436 3855 650 3927 ἀδικοῦντας
672 3864 871 3941 μισοῦντες,
895 3855 983 3938 33,2
1002 3851 1050 3938 (8)
1073 3856 1155 3925 τοὺς
1176 3848 1385 3935 ὑβρίζοντας

274 3962 468 4037 ἐκώλυσεν,
497 3964 527 4047 3,
559 3965 599 4029 18
627 3961 669 4034 ὡς
695 3961 944 4048 ἀδικουμένοις
971 3959 1263 4045 ἐπικουροῦντουν.
1319 3955 1385 4022 Sed

274 4069 447 4153 praeeique
476 4068 604 4152 siguum
635 4068 780 4134 iustitiae
812 4067 928 4134 dieitur
960 4074 1057 4151 atque
1087 4063 1294 4150 praedicatur
1323 4075 1385 4134 τοῖς

273 4175 471 4263 ἀδικουμένας
494 4178 626 4262 βοηθεῖν,
650 4174 737 4257 quod
760 4178 854 4255 est§
881 4176 930 4240 14.
954 4178 974 4254 5
999 4176 1050 4240 67.
1073 4174 1177 4257 3410.
1215 4172 1253 4236 Ιυ
1275 4171 1337 4235 hae
1350 4188 1385 4233 re

273 4284 352 4362 §22
375 4286 540 4370 προδυμυς
562 4292 624 4354 τοῖς
650 4282 850 4369 ἀδικουμένοις
876 4280 978 4368 ἥξουσι
1005 4281 1206 4366 βοηθήσοντες
1232 4276 1385 4343 ooneinne

275 4389 370 4472 quasi
392 4389 533 4456 refieitur
556 4388 771 4456 iunctionibus
798 4391 847 4473 14,
870 4389 913 4454 22
936 4410 984 4471 πρ.
1003 4412 1027 4452 τ.
1046 4386 1179 4452 ἀδικοῦσι
1201 4389 1240 4467 β,
1270 4386 1319 4468 18,
1343 4383 1385 4449 25
