3109 4884
778 358 800 423 5

231 561 268 620 ut
288 554 368 619 nihil
396 554 462 620 iam
489 561 600 620 contra
628 553 693 619 dici
716 574 822 636 neque
845 551 1002 637 epitaphii
1029 552 1207 618 auctoritas
1235 573 1345 620 rursus

231 660 421 727 labefactari
448 681 546 745 posse
568 659 743 744 videretur,
775 667 884 725 tamen
912 660 980 726 eius
1004 658 1184 725 adversarii
1211 659 1244 725 in
1272 660 1345 745 ipso

231 767 433 853 potissimum
474 787 592 850 genere
633 766 763 833 dicendi
802 766 915 851 procul
956 764 1054 831 dubio
1096 772 1184 831 certa
1225 765 1346 833 indicia

232 875 363 959 spuriae
398 874 492 940 huius
529 874 684 941 orationis
716 873 835 940 indolis
872 893 908 940 se
943 872 1106 939 invenisse
1137 873 1345 940 arbitrantur.

231 981 325 1059 Quae
352 1001 545 1065 quamquam
572 980 621 1046 ita
647 986 734 1065 sunt,
766 979 973 1046 nihilomiuus
1000 986 1125 1046 nosmet
1152 978 1231 1064 illis,
1264 1001 1345 1063 quas

233 1108 331 1174 supra
345 1087 520 1173 attulimus,
544 1088 652 1155 causis
667 1087 901 1153 commotihac
923 1087 998 1172 ipsa
1021 1086 1126 1152 altera
1144 1087 1346 1171 potissimum

231 1194 411 1278 inquirendi
442 1195 567 1261 ratione
598 1194 646 1279 id,
678 1194 765 1278 quod
797 1194 999 1280 propositum
1031 1200 1089 1278 est,
1124 1193 1345 1261 demonstrare

231 1303 426 1368 conabimur.
467 1301 581 1386 Itaque
603 1323 688 1368 nune
701 1302 839 1387 primum
862 1301 927 1367 illis
942 1300 1200 1390 adversariorum
1221 1308 1345 1369 nostro-

231 1429 300 1474 rum
323 1408 578 1476 dubitationibus
603 1429 815 1476 occurramus.

298 1515 380 1582 Sunt
402 1516 457 1599 qui
480 1516 646 1601 epitaphio
669 1522 797 1582 vertant
811 1515 889 1580 vitio
913 1521 1012 1598 atque
1036 1514 1178 1580 obiciant
1200 1516 1344 1601 inopiam

231 1623 412 1706 argumenti
447 1622 749 1719 affectationemque
788 1621 1032 1706 sententiarum,
1073 1622 1346 1707 perturbationem

231 1729 463 1815 dispositionis,
487 1730 769 1796 inconcinnitatem
784 1729 1034 1814 compositionis,
1057 1730 1262 1795 insolentiam
1275 1726 1344 1797 'ver-

231 1838 342 1904 borum
370 1843 588 1922 tumoremque
616 1838 817 1905 elocutionis.
869 1835 1036 1913 Quatenus
1062 1837 1145 1902 haec
1172 1837 1345 1922 opprobria

159 1952 169 1971 “
230 1944 317 2012 iusta
339 1952 422 2030 sunt,
446 1952 580 2013 eatenus
603 1947 700 2012 etiam
722 1946 780 2010 illa
803 1943 960 2030 epitaphii
973 1943 1054 2009 vitia
1067 1964 1199 2029 prorsus
1214 1945 1344 2029 probari

231 2058 329 2134 atque
349 2052 496 2119 excusari
514 2059 659 2137 possunt.
703 2053 787 2120 Nam
806 2052 834 2118 si
847 2051 1004 2136 volumus,
1021 2051 1141 2136 Lysiae
1160 2051 1344 2137 epitaphius

231 2158 352 2243 pariter
374 2165 472 2242 atque
492 2159 636 2225 eiusdem
660 2159 799 2225 erotieus
821 2178 857 2224 re
870 2178 948 2224 vera
962 2157 1172 2243 sophisticum
1190 2158 1344 2242 quiddam

231 2272 329 2348 atque
351 2265 559 2333 artificiosum
583 2266 699 2352 spirat,
728 2273 760 2334 et
784 2272 903 2349 quanto
930 2266 989 2331 illa
1017 2267 1175 2331 amatoria
1203 2267 1343 2332 oratiun-

232 2372 304 2437 cula
328 2371 430 2439 distat
452 2374 493 2438 ab
517 2373 588 2451 illo,
617 2373 669 2439 cui
693 2373 845 2459 opposita
867 2379 930 2458 est,
959 2371 1086 2439 sublimi
1113 2380 1211 2457 atque
1234 2373 1343 2440 diuino

230 2478 359 2560 ingenio
382 2478 540 2564 Platonis,
568 2486 658 2545 tanto
686 2479 769 2547 haec
796 2487 908 2547 nostra
930 2480 1073 2546 funebris
1101 2480 1252 2546 abhorret
1274 2481 1343 2546 fere

231 2604 252 2648 a
288 2585 460 2652 maiestate
502 2592 536 2652 et
578 2586 739 2669 gravitate
782 2587 1013 2654 sententiarum
1056 2585 1213 2672 epitaphii
1255 2587 1342 2673 apud

229 2691 453 2776 Thucydidem
467 2693 612 2760 Periclei.
648 2694 793 2779 Apparet
808 2695 936 2778 oratori,
959 2693 1106 2776 quamvis
1121 2693 1263 2760 calcaria
1287 2693 1342 2760 ad·

229 2805 380 2885 moveret,
415 2821 479 2867 non
515 2802 638 2868 licitum
675 2800 777 2869 firisse
810 2802 909 2869 altius
941 2820 1113 2884 assurgere
1150 2808 1183 2867 et
1214 2802 1343 2868 evolare

230 2906 460 2993 terminosque,
493 2908 548 2991 qui
579 2909 610 2974 ei
641 2930 661 2974 a
691 2915 809 2974 natura
839 2908 938 2993 positi
970 2913 1074 2993 erant,
1105 2907 1342 2976 transcendere.

229 3013 336 3096 Atque
372 3033 434 3096 quo
470 3016 575 3098 magis
611 3016 674 3080 hae
709 3015 831 3100 Lysiae
868 3015 1031 3082 orationes
1068 3015 1265 3082 sublimitate
1301 3036 1342 3082 ac

228 3121 431 3205 praestantia
462 3122 642 3204 argumenti
672 3142 840 3206 rerumque
872 3130 996 3207 carent,
1034 3142 1072 3187 eo
1104 3123 1209 3206 magis
1241 3127 1343 3188 artem

230 3226 392 3310 quandam
423 3229 735 3312 ostentationemque
770 3235 806 3295 in
842 3229 1034 3316 explicando
1071 3236 1169 3313 atque
1205 3229 1342 3296 dicendo

230 3333 392 3401 affectant.
437 3321 556 3400 Verum
578 3357 650 3402 eum
673 3343 781 3402 orator
808 3337 841 3402 in
865 3337 984 3403 erotioo
1012 3342 1049 3401 ut
1073 3335 1108 3401 in
1128 3337 1264 3402 materie
1287 3338 1342 3403 ab·

231 3440 386 3507 strusiore
413 3442 569 3509 sermonis
593 3443 800 3528 simplicitate
830 3464 869 3509 ac
895 3443 1053 3510 tenuitate
1081 3449 1210 3509 servata
1237 3443 1342 3527 magis

231 3554 491 3631 argumentorum
526 3549 682 3615 minutam
713 3550 926 3617 subtilitatem
961 3555 1103 3616 ostentet
1133 3550 1343 3634 argutiaeque

231 3661 379 3739 sectetur,
402 3655 487 3722 idem
509 3656 543 3721 in
558 3656 723 3742 epitaphio
746 3664 782 3722 ut
804 3658 838 3722 in
855 3662 1044 3740 argumento
1060 3655 1233 3740 grandiore
1255 3656 1342 3723 haud

230 3762 276 3826 ita
299 3761 468 3828 sententiis
492 3762 596 3830 elatus
610 3764 716 3847 magis
739 3765 880 3848 ipsorum
895 3764 1063 3829 verborum
1086 3764 1243 3829 iactantia
1266 3763 1341 3828 arti-

229 3867 375 3951 ficiisque
390 3875 647 3936 ornamentorum
660 3871 786 3937 animos
800 3871 999 3937 audientium
1014 3876 1134 3955 captat.
1173 3868 1340 3946 Quomodo

229 3974 291 4041 hoc
322 3976 471 4042 convenit
505 3997 577 4042 eum
607 3977 667 4043 illa
697 3978 819 4062 Lysiae
851 3978 989 4063 simplici
1025 3983 1123 4060 atque
1153 3976 1341 4042 inaffectata

231 4081 360 4149 dicendi
381 4085 415 4150 ri
436 4085 469 4150 in
492 4104 610 4168 genere
630 4084 797 4151 iudiciali?
843 4086 905 4151 Hic
929 4085 1023 4152 nobis
1045 4085 1165 4151 auxilio
1188 4090 1239 4152 est
1260 4083 1340 4149 illud

231 4187 273 4254 de
286 4188 386 4273 Lysia
409 4191 624 4257 testimonium
638 4193 796 4279 Dionysii,
803 4194 827 4275 1)
852 4192 939 4277 quod
960 4213 1023 4258 non
1038 4203 1210 4278 possumus
1232 4191 1340 4258 facere

230 4323 441 4335 ’νύ-...-

303 4402 325 4470 ⁴)
344 4403 384 4456 De
401 4402 461 4475 Lys.
481 4403 524 4462 28.
