3109 4884
771 369 815 433 42

238 561 342 628 altera
363 561 513 647 pendent,
535 561 687 645 uidelicet
710 561 770 628 soli
788 562 987 629 observatori
1005 560 1114 647 hiatus
1130 582 1265 629 necesse
1289 562 1349 628 fnit

238 674 275 734 τὰ
302 666 400 735 αὐτῶν
426 674 508 736 κακὰ
540 671 573 736 in
600 674 656 742 τὰς
683 667 779 736 αὑτῶν
806 674 961 757 συμφορὰς
988 675 1182 736 commutare
1214 689 1254 735 ac
1286 690 1349 734 non

239 782 350 842 contra
372 777 494 842 auctori
518 776 682 862 epitaphii.
727 776 854 842 Pariter
882 775 1080 861 explicamus
1109 775 1349 842 similitudinem

239 883 459 949 nonnullorum
482 885 634 949 Isocratis
663 904 734 950 cum
758 882 923 968 epitaphio
951 882 1093 948 locorum
1117 900 1288 966 eorumque
1315 882 1349 946 in

239 990 281 1056 iis
308 990 436 1073 quidem
464 990 674 1074 orationibus,
701 1009 785 1073 quae
813 1009 923 1056 omncs
951 988 1028 1055 item
1055 996 1142 1055 certe
1171 995 1247 1074 post
1270 1009 1349 1073 enm,

242 1116 335 1180 quem
348 1097 521 1164 conicimus
545 1117 584 1163 ao
598 1096 810 1181 defendimus,
834 1102 937 1161 ortum
951 1095 1046 1161 huius
1064 1101 1194 1162 nostrae
1209 1095 1350 1181 scriptae

242 1203 1350 1289 sunt:§tols6‚9;§31,1s.6‚1oo;§47‚1s.t‚75;§54,

241 1310 283 1375 Is.
309 1312 357 1394 14,
375 1312 412 1393 43
440 1314 460 1392 ἓ
484 1313 513 1396 6,
541 1311 583 1376 Is.
610 1313 658 1395 14,
679 1312 729 1375 95.
775 1310 825 1375 An
847 1309 1026 1394 putandum
1053 1316 1104 1376 est
1130 1308 1220 1375 illum
1242 1310 1350 1395 potius

241 1417 450 1501 posteriorem
474 1418 630 1505 epitaphii
654 1418 841 1504 scriptorem
869 1438 978 1484 omncs
1006 1417 1080 1483 illas
1103 1417 1257 1485 Isocratis
1280 1438 1350 1483 ora·

242 1523 346 1591 tiones
368 1525 522 1591 memoria
544 1532 704 1592 tenentem
727 1532 794 1591 tam
818 1524 965 1592 sollerter
987 1525 1212 1610 excerpsisse?
1257 1525 1300 1589 At
1323 1524 1350 1590 si

242 1629 326 1696 hunc
362 1637 520 1698 oratorem
556 1640 622 1698 tarn
659 1632 833 1716 diligenter
867 1631 1071 1698 lectitaverat
1106 1637 1236 1715 tamque
1269 1633 1351 1698 benc

244 1737 406 1820 cognitum
428 1738 568 1805 habebat
589 1739 644 1806 illc
660 1739 858 1824 compilator,
881 1745 956 1823 tum,
980 1739 1101 1824 opinor,
1123 1758 1258 1805 necesse
1283 1744 1353 1804 erat

244 1864 316 1909 eum
331 1845 427 1910 etiam
441 1866 637 1913 communem
651 1853 747 1930 atque
762 1845 855 1930 quasi
870 1845 1090 1929 quotidianum
1113 1845 1181 1911 eius
1196 1846 1352 1911 sermonis

244 1970 336 2016 usum
365 1952 478 2018 melius
506 1972 602 2020 nosse
631 1974 670 2019 ao
694 1954 785 2037 sequi
809 1974 905 2037 quam
932 1972 1031 2039 supra
1055 1951 1353 2019 demonstravimus.

246 2057 364 2124 Contra
395 2059 475 2124 nibil
506 2060 626 2146 obstat,
664 2060 740 2145 quin
771 2081 830 2147 pro
863 2067 950 2127 certo
983 2080 1145 2127 sumamus
1177 2060 1352 2126 Isocratem

244 2164 364 2248 Lysiae
389 2166 587 2251 epitaphium
609 2188 719 2253 unum,
742 2173 853 2253 utpote
877 2188 970 2251 quem
993 2166 1027 2233 in
1049 2167 1247 2252 panegyrico
1271 2186 1352 2232 com·

244 2271 393 2356 ponendo
423 2274 649 2359 excerpsisset,
676 2274 727 2340 vel
755 2274 829 2340 ideo
857 2274 986 2360 penitus
1013 2273 1166 2339 memoria
1193 2279 1352 2339 tenentem

245 2377 278 2442 in
302 2379 417 2446 ceteris
441 2401 566 2465 quoque
590 2382 788 2448 orationibus
812 2381 1052 2449 conscribendis
1078 2380 1202 2466 passim
1231 2377 1354 2463 aliquid

246 2505 286 2549 cx
316 2505 354 2551 eo
382 2485 578 2555 delibavisse
606 2496 703 2573 atque
730 2488 764 2554 in
788 2510 879 2555 suum
902 2508 994 2555 usum
1017 2487 1229 2572 convertisse,
1257 2493 1354 2552 utne

245 2592 408 2658 minimum
424 2594 553 2677 quidem
575 2596 608 2661 in
631 2603 739 2662 cetera
753 2595 906 2680 loquendi
921 2594 1153 2661 consuetudine
1175 2598 1354 2659 moveretur

246 2700 538 2786 proprietatemque
553 2724 644 2769 suam
658 2705 827 2769 amitteret
862 2701 1006 2785 Accedit,
1021 2701 1108 2784 quod
1120 2699 1214 2766 huius
1229 2717 1354 2782 qunque

246 2806 293 2871 rei
320 2808 413 2890 quasi
441 2809 603 2892 quoddam
631 2809 787 2876 directum
813 2829 918 2893 neque
949 2808 1054 2874 minus
1082 2806 1237 2873 disertum
1265 2802 1355 2870 testi·

246 2913 386 2979 monium
400 2914 543 2999 proferre
561 2937 733 3002 possumus
756 2937 852 3000 quam
876 2935 959 2999 quae
983 2934 1081 2999 supra
1104 2912 1146 2978 de
1159 2911 1356 2998 panegyrico

248 3020 319 3105 ipso
342 3024 520 3107 composita
543 3030 625 3090 sunt.
662 3016 715 3089 orj
739 3024 823 3089 enim
847 3025 959 3108 6‚100
981 3022 1015 3086 in
1037 3019 1279 3107 pugnatoribus,
1302 3017 1356 3102 qui

248 3128 334 3213 apud
362 3129 596 3216 Thermopylas
624 3131 869 3215 dimicaverant,
897 3128 1070 3195 laudandis
1095 3127 1255 3193 Isocrates
1290 3124 1355 3210 cpi·

249 3236 352 3321 tapbii
375 3241 395 3319 ξ
414 3240 466 3316 31,
492 3245 525 3304 ut
548 3238 696 3323 diximus,
719 3243 884 3304 mutuatus
906 3235 995 3302 haud
1018 3234 1115 3300 dubie
1137 3233 1232 3299 huius
1254 3231 1357 3317 ipsius

248 3343 446 3411 laudationis
470 3352 631 3411 auctorem
655 3345 793 3410 maxime
816 3344 958 3429 respicit,
983 3364 1054 3407 cum
1077 3340 1227 3406 continno
1251 3337 1357 3404 additr

249 3449 326 3517 ὥστε
349 3454 418 3524 τοὺς
440 3456 515 3539 μετὰ
537 3458 647 3540 τέχνης
664 3453 904 3539 ἐγκωμιάζοντος
922 3455 963 3537 μὴ
981 3452 1125 3515 δοναοθαι
1139 3450 1209 3521 τοὺς
1223 3446 1359 3517 ἐπαίνους

249 3559 386 3632 ἐξισῶσαι
416 3571 482 3634 ταῖς
509 3559 630 3626 ἐκείνων
657 3560 787 3644 ἀρεταῖς.
834 3556 925 3634 Quae
956 3558 1055 3622 verba
1086 3575 1191 3620 nonne
1221 3550 1360 3619 reddunt

252 3666 485 3733 confessionem
507 3667 627 3751 Lysias
650 3665 753 3753 ipsius
781 3667 815 3730 in
839 3663 1003 3751 epitaphio
1027 3662 1141 3748 ipso?:
1170 3664 1190 3742 ξ
1215 3663 1232 3726 1
1261 3657 1277 3722 ὁ
1301 3669 1360 3732 πᾶς

251 3781 361 3862 χρόνος
384 3772 441 3862 οὐχ
463 3773 565 3848 ἱκανὸς
588 3777 675 3858 λόγον
698 3773 763 3840 ἴσον
787 3778 1011 3858 representem
1039 3781 1101 3843 τοῖς
1124 3771 1232 3833 cebron
1255 3764 1360 3850 ἔργοις,

252 3881 407 3966 cilsd,
433 3883 482 3948 13.

319 3986 410 4064 Quae
438 4008 508 4056 cum
535 3989 581 4052 ita
605 3988 684 4071 sint,
714 3985 845 4052 tandem
873 3984 907 4049 id
935 3983 1050 4049 saltem
1071 4000 1130 4068 pro
1153 3985 1240 4045 certo
1264 3984 1361 4061 atque

253 4095 419 4181 explorato
443 4096 620 4181 accipiatur
634 4113 769 4160 necesse
792 4100 842 4160 est
857 4090 1056 4177 epitaphium
1069 4094 1213 4154 nostrum
1226 4084 1362 4152 Isocrati

253 4203 483 4290 panegyricum
511 4202 662 4270 scribenti
689 4207 820 4286 praesto
848 4199 949 4265 luisse
977 4204 1073 4281 atquc
1101 4215 1154 4280 eo,
1187 4191 1273 4278 qnod
1300 4189 1362 4257 sibi

253 4310 409 4394 vindicat,
436 4317 579 4396 tempore
602 4314 746 4374 exortum
769 4326 850 4373 esse.
896 4304 1025 4382 Quanta
1047 4309 1155 4369 autem
1182 4322 1221 4368 ex
1243 4300 1306 4365 hac
1327 4316 1362 4362 re

254 4415 412 4483 redundet
443 4416 493 4484 vis
525 4415 763 4498 auctoritasque
800 4410 844 4477 ad
875 4411 1048 4495 Lysiacam
1079 4410 1175 4476 huius
1207 4403 1361 4474 orationis
