3109 4884
775 342 796 405 2

230 531 429 600 exstiterunt.
464 533 512 598 Ac
534 533 631 616 louge
655 535 910 602 studiosissimus
924 536 1045 620 Lysiae
1068 536 1218 603 defensor
1240 537 1345 604 iaetus

231 646 281 706 est
302 640 471 705 Lebeauus
503 638 585 705 libro
620 661 677 706 sno
712 644 796 709 1863
821 641 1044 724 Stuttgardiae
1078 643 1179 709 edito:
1217 644 1345 728 ,Lysias

230 745 422 831 Epitaphios
449 745 499 811 als
528 746 601 812 echt
630 748 835 829 erwiesen‘.¹)
881 745 944 820 Qui
968 748 1096 831 quidem
1118 750 1167 814 vir
1190 752 1344 835 opusculo

232 872 304 936 suo,
335 853 368 917 in
391 872 453 936 quo
478 859 617 919 ceterum
645 874 676 938 p.
698 858 836 939 4-10‚
868 875 1087 938 quaecumque
1115 855 1157 922 de
1180 857 1344 942 epitaphio

230 960 398 1043 usquead
422 959 491 1025 eius
518 966 645 1045 tempus
668 961 853 1028 testimonia
881 969 973 1027 eraut
1002 961 1090 1027 dicta
1112 962 1165 1029 vel
1189 984 1343 1030 commen-

231 1065 306 1132 tarii
334 1067 460 1153 scripti,
493 1066 664 1150 diligenter
701 1068 894 1154 composuit,
927 1075 1017 1133 tanto
1050 1089 1122 1135 cum
1150 1071 1257 1137 studio
1284 1071 1345 1137 hoc

231 1174 445 1259 patrocinium
459 1176 601 1259 suscepit
615 1181 770 1257 tantaque
784 1184 973 1260 persecutus
997 1182 1048 1241 est
1061 1175 1232 1259 diligentia
1246 1186 1345 1260 atque

232 1281 387 1366 doctrina,
408 1288 444 1346 ut
466 1298 577 1347 omnes
600 1281 818 1348 dubitationes
835 1282 1005 1348 sustulisse
1029 1284 1344 1367 controversiamque

232 1389 266 1452 in
276 1408 368 1453 omne
378 1393 503 1474 tempus
514 1387 681 1454 diremisse
691 1387 862 1454 uideretur.
880 1389 923 1453 At
931 1388 1137 1456 nihilominus
1147 1390 1343 1478 Sauppius²)

186 1538 194 1553 .
234 1501 266 1561 et
292 1494 440 1561 Blassius
449 1493 475 1581 ⁸)
508 1493 707 1580 epitaphium
738 1495 1042 1580 condemnaverunt,
1075 1516 1246 1580 eorumque
1275 1517 1345 1563 sen-

232 1601 366 1667 tentiam
390 1601 492 1668 secuti
509 1599 704 1688 Echertus4)
728 1609 760 1667 et
777 1602 947 1669 Richterus
958 1602 984 1690 ⁵)
1007 1610 1043 1669 ut
1066 1604 1207 1688 spurium
1232 1611 1344 1669 contra

232 1708 418 1773 Lebeauum
432 1707 613 1774 accuratius
627 1707 847 1775 demonstrare
870 1710 978 1775 conati
1002 1717 1075 1775 sunt
1089 1718 1215 1777 veteres
1240 1711 1343 1795 suspi-

234 1815 343 1881 ciones
373 1814 466 1881 novis
498 1815 696 1898 argumentis
724 1815 962 1901 confirmantes,
994 1836 1095 1882 novas
1128 1816 1345 1884 dubitationes

234 1921 442 1988 cumulantes.
487 1920 579 1999 Quae
594 1942 665 1988 cum
678 1922 725 1987 ita
740 1923 812 2008 sint,
835 1930 960 1989 tantum
974 1925 1076 2010 abest
1098 1931 1134 1989 ut
1148 1922 1190 1990 de
1204 1924 1345 2008 Lysiaca

235 2029 358 2113 origine
391 2029 548 2114 epitaphii
581 2029 661 2096 satis
693 2036 832 2115 constet,
864 2037 899 2095 ut
930 2030 1012 2097 haec
1046 2032 1206 2097 contraria
1237 2030 1345 2116 opinio

234 2137 341 2219 magis
363 2136 531 2220 magisque
555 2137 702 2202 evincere
726 2143 825 2219 atque
851 2136 925 2221 plus
954 2137 987 2200 in
1016 2137 1087 2203 dies
1110 2138 1346 2204 inveterascere

234 2243 390 2312 videatur.
430 2243 479 2309 Ac
500 2249 607 2307 tamen
630 2241 688 2306 illa
710 2241 804 2307 huius
828 2242 983 2309 orationis
1006 2242 1230 2309 condemnatio
1254 2262 1356 2329 prae-⁸

235 2371 374 2436 propera
398 2370 470 2417 esse
492 2369 596 2433 neque
611 2349 693 2416 satis
715 2349 834 2415 rationi
847 2368 944 2414 verae
958 2348 1124 2417 doetrinae
1148 2352 1345 2436 respondere

235 2458 313 2524 mihi
325 2455 493 2544 videtur.⁶)
508 2455 666 2540 Equidem
688 2462 775 2522 certe
789 2462 911 2539 quanta
933 2462 1079 2541 poteram
1093 2457 1233 2523 maxima
1247 2479 1346 2543 opera

235 2586 275 2632 ac
298 2563 467 2647 diligentia
488 2564 521 2629 in
534 2563 596 2630 hac
618 2584 653 2628 re
668 2563 826 2629 collocata
848 2583 906 2648 pro
929 2582 1003 2628 mea
1023 2569 1116 2648 parte
1139 2585 1223 2629 nova
1245 2582 1340 2645 argn-

236 2679 345 2738 menta
375 2670 496 2756 inveni,
531 2690 615 2753 quac
647 2669 805 2755 epitaphii
837 2670 1023 2735 auctoritati
1055 2669 1195 2752 fideiqne
1227 2668 1345 2734 favent

236 2779 308 2845 Huc
330 2777 478 2863 accessit,
501 2776 588 2860 quod
611 2776 869 2869 editionehuius
892 2776 1047 2842 orationis
1070 2795 1171 2860 nuper
1193 2795 1252 2860 per
1265 2774 1345 2840 Erd-

237 2906 386 2951 mannum
414 2883 570 2969 conatast)
602 2903 685 2966 quae
716 2882 749 2947 in
777 2882 1027 2965 diligentissima
1057 2901 1143 2947 nova
1174 2880 1347 2948 collatione

238 2992 382 3059 codicum
404 2992 512 3077 posita
535 2989 629 3077 est‚⁸)
657 2989 723 3055 iarn
745 2989 820 3054 huic
843 3009 970 3073 quoque
993 2988 1125 3055 criticae
1149 2988 1347 3055 exercendae

237 3099 453 3165 firmissimum
479 3097 720 3163 tundamentum
746 3097 866 3162 iactum
895 3103 957 3181 est,
990 3096 1077 3180 quod
1098 3095 1346 3179 haudquaquam

237 3215 368 3274 nostrae
390 3205 570 3274 sententiae
588 3186 760 3271 videbatur
783 3206 921 3271 obstare.
966 3204 1025 3268 His
1048 3203 1147 3286 igitur
1169 3203 1347 3269 rationibus

238 3295 413 3381 commotus
442 3319 539 3396 atquc
567 3311 662 3377 nixus
689 3311 723 3375 in
750 3311 891 3376 animum
918 3309 1030 3377 induxi
1060 3310 1183 3394 conari,
1216 3311 1245 3377 si
1271 3309 1348 3374 mihi

313 3491 332 3560 ¹)
351 3493 423 3545 Ante
441 3491 471 3544 L.
493 3490 566 3545 hano
588 3507 698 3544 causam
720 3489 879 3543 defenderat
901 3487 1046 3558 praecipue
1065 3486 1221 3542 Geversius:
1250 3488 1346 3555 Dispu-

238 3581 352 3636 tationis
370 3580 404 3634 de
422 3579 504 3649 Lysia
521 3578 657 3649 epitaphii
675 3582 785 3633 auctore
803 3581 887 3647 caput
905 3578 1030 3632 alterum.
1068 3576 1143 3631 Gott.
1164 3577 1240 3630 1839.

312 3668 332 3738 ²)
351 3668 492 3738 Goetting.
511 3668 571 3723 Gel.
589 3669 655 3724 Ana.
676 3658 752 3733 1864,
772 3668 825 3722 vol.
845 3667 866 3732 1,
885 3685 911 3735 p.
927 3667 979 3720 824
997 3684 1018 3719 s.

312 3757 333 3827 ³)
352 3758 448 3813 Gesch.
467 3757 515 3811 der
533 3760 584 3811 att.
603 3756 709 3812 Bereds.
747 3757 769 3822 I,
789 3756 880 3825 Leipz.
902 3756 968 3809 1868
987 3773 1012 3823 p.
1033 3756 1086 3809 429
1104 3773 1125 3810 s.

311 3847 333 3916 ⁴)
353 3848 392 3901 De
410 3846 553 3916 epitaphio
571 3845 668 3915 Lysiae
686 3845 788 3900 oratori
806 3845 880 3900 falso
894 3845 1007 3899 tributo.
1043 3845 1132 3900 Berol.
1154 3841 1228 3896 1868.

312 3935 333 4006 ⁸)
352 3938 392 3991 De
414 3936 563 4006 epitaphii,
587 3935 635 4004 qui
658 3936 709 3990 sub
733 3934 831 4005 Lysiae
854 3934 965 3989 nomine
987 3934 1088 3999 fertur,
1112 3947 1210 4002 genere
1233 3929 1348 3984 dicendi.

240 4026 342 4096 Gryph.
363 4026 441 4080 1881.

312 4111 334 4182 ⁶)
352 4112 392 4168 cf,
411 4113 529 4180 Bocchh‚
548 4112 663 4183 Encylrl.
682 4113 739 4181 und
756 4113 877 4168 Method.
897 4112 923 4166 d.
942 4112 1011 4180 phil.
1031 4111 1112 4164 Wiss.
1150 4108 1263 4178 Leipzig
1283 4107 1348 4162 1877

240 4223 266 4273 p.
286 4204 345 4257 212.

314 4290 335 4357 7)
353 4292 461 4361 Lipsiae
480 4293 558 4358 1881,

314 4378 335 4445 ⁸)
354 4379 392 4434 of.
413 4381 546 4437 eiusdem:
566 4381 606 4434 De
620 4380 812 4449 Pseudolysiae
829 4380 965 4450 epitaphii
984 4378 1127 4433 codicibus.
1151 4377 1259 4446 Lipsiae
1275 4374 1351 4430 1881.
