3109 4884
779 373 800 436 3

235 564 434 647 contingeret
466 564 686 631 demonstrare
724 566 922 651 epitaphium
958 565 1059 630 nihilo
1092 567 1200 633 secius
1230 566 1351 652 Lysiae

235 670 436 737 tribuendum
463 679 669 756 veterumque
701 673 893 739 testimoniis
925 672 1023 739 fidem
1055 693 1128 739 esse
1160 672 1350 744 habendam.

233 777 339 860 Atque
360 785 409 864 ut,
442 779 593 863 quoniam
613 780 695 846 haec
723 800 776 846 res
807 786 874 845 tam
901 780 1044 846 difficilis
1073 787 1136 866 est,
1168 782 1278 865 timeo,
1311 801 1351 846 ne

233 884 392 951 audaciae
418 886 671 970 temeritatisque
698 886 818 953 crimen
846 888 992 972 subeam,
1024 886 1110 970 quod
1142 887 1247 953 audeo
1277 908 1350 952 eam

232 997 358 1058 tentare
381 990 549 1076 denuoque
572 993 605 1058 in
628 992 768 1059 medium
790 993 948 1078 proferre,
971 994 1031 1078 ita,
1060 994 1211 1076 quoniam
1234 993 1349 1059 eadem

234 1105 301 1164 tam
324 1100 433 1183 gravis
457 1104 515 1186 est,
539 1121 633 1187 spero
658 1121 776 1185 operae
800 1101 938 1185 pretium
961 1122 1013 1167 me
1036 1121 1109 1167 esse
1129 1101 1296 1187 facturum,
1321 1101 1349 1167 si

231 1206 308 1271 mihi
332 1207 503 1290 contigerit
530 1207 574 1272 ad
604 1228 676 1274 eam
699 1214 787 1273 certo
815 1228 854 1273 ao
878 1207 1009 1274 definite
1033 1207 1273 1274 diiudicandam
1296 1208 1349 1274 vel

230 1312 398 1379 minimum
421 1312 574 1381 conferre.

320 1707 354 1772 Si
369 1707 588 1773 examinamus
599 1714 799 1793 argumenta,
813 1727 897 1791 quae
912 1707 945 1772 in
960 1706 1117 1792 epitaphii
1126 1728 1203 1774 vero
1214 1715 1346 1776 auctore

230 1813 425 1896 exquirendo
453 1814 486 1879 in
514 1822 681 1897 utramque
708 1821 834 1899 partem
863 1834 883 1879 a
905 1813 984 1887 viris
1012 1813 1117 1881 doctis
1144 1815 1344 1882 extrinsecus

229 1931 447 2006 assumuntur,
474 1941 538 1986 non
565 1928 632 1986 tam
660 1920 895 1987 dissensionem
922 1920 1084 1986 hominum
1111 1922 1221 1988 mirari
1249 1943 1346 2004 quam

228 2047 333 2092 rerum
357 2027 599 2110 ambiguitatem
624 2027 733 2092 dolere
757 2027 921 2094 debemus.
958 2028 1041 2095 Nam
1054 2028 1226 2094 Lebeauus
1249 2029 1345 2127 iique²

229 2134 282 2218 qui
298 2134 497 2220 epitaphium
510 2135 631 2219 Lysiae
650 2154 723 2201 esse
736 2133 857 2218 volunt
882 2133 1112 2200 Schoenbomii
1124 2137 1148 2218 ¹)
1164 2136 1343 2220 exemplum

229 2242 331 2309 secuti
358 2241 562 2308 contendunt.
581 2242 751 2307 Platonem
782 2241 816 2306 in
844 2241 976 2324 dialogo
1004 2242 1182 2308 Menexeno
1216 2263 1343 2327 compo-

227 2347 333 2414 nendo
357 2368 399 2413 ea
418 2348 544 2413 ratione
568 2348 697 2413 ductum
721 2368 804 2431 esse,
827 2353 862 2412 ut
883 2347 947 2413 hae
971 2368 1030 2413 sua
1054 2349 1199 2414 oratione
1219 2348 1344 2415 funebri

230 2455 350 2538 Lysiae
392 2454 594 2539 potissimum
631 2454 831 2539 epitaphium
871 2461 937 2519 tum
973 2455 1206 2539 perstringeret
1247 2463 1343 2538 atque

230 2559 391 2643 irrideret,
416 2566 487 2624 tum
513 2560 656 2625 vinceret
683 2580 722 2626 ac
750 2568 928 2645 superaret.
973 2561 1016 2625 nt
1043 2581 1120 2627 vero
1148 2562 1343 2628 Menexenus

229 2667 300 2751 ipse
314 2687 335 2731 a
348 2666 457 2732 multis
479 2667 512 2731 in
527 2666 759 2732 dubitationem
773 2674 908 2733 vocatur
921 2673 1019 2749 atque
1034 2666 1077 2732 ad
1093 2666 1344 2735 declamatorem

229 2772 368 2856 aliquem
382 2773 571 2857 posterioris
585 2774 738 2858 temporis
752 2774 891 2839 reicitur.
937 2772 1022 2851 Quin
1036 2774 1134 2839 etiam
1144 2774 1343 2860 Sauppiusq

230 2880 394 2964 indicium,
427 2900 489 2962 quo
517 2886 652 2963 utraque
686 2880 781 2946 simul
812 2880 926 2945 harum
954 2881 1134 2946 orationum
1160 2881 1343 2965 reiteretur,

231 2986 292 3053 sibi
307 2985 434 3053 videtur
449 2987 632 3071 repperisse
647 2986 845 3053 contendens
860 2986 955 3052 ludos
971 2985 1130 3071 funebres,
1153 3008 1287 3071 quorum
1310 2988 1344 3052 in

229 3100 365 3179 utraque
397 3092 541 3158 oratione
572 3093 692 3159 mentio
724 3093 773 3177 tit,
809 3092 884 3159 belli
917 3093 1114 3160 Corinthiaci
1146 3095 1343 3179 temporibus

229 3199 370 3266 nondum
385 3200 565 3268 celebratos
588 3200 698 3266 fuisse.
743 3199 867 3265 Eadem
886 3207 983 3283 atque
1000 3200 1163 3267 simillima
1186 3207 1237 3267 est
1251 3202 1343 3286 ratio,

231 3328 295 3390 que
330 3307 451 3392 Lysiae
488 3306 672 3393 epitaphius
715 3328 787 3373 eum
822 3306 1008 3373 Aristotelis
1049 3308 1129 3373 artis
1164 3308 1344 3375 rhetoricae

229 3415 311 3479 libro
342 3415 390 3479 HI
421 3415 580 3481 cohaeret
624 3415 707 3482 Nam
740 3435 812 3479 cum
843 3413 888 3478 ibi
921 3434 948 3480 c.
979 3417 1048 3499 10‚7
1082 3414 1343 3482 manifestissime

231 3520 414 3606 epitaphius
437 3529 546 3589 noster
562 3522 772 3606 confirmetur,
796 3520 854 3585 alii
876 3520 961 3585 hunc
983 3520 1089 3586 locum
1112 3541 1170 3587 suo
1193 3523 1262 3587 iure
1284 3542 1342 3607 pro

230 3628 414 3694 testimonio
436 3628 532 3695 huius
548 3628 703 3695 orationis
719 3628 924 3694 auctoritatis
939 3628 1112 3712 accipiunt,
1135 3648 1206 3693 cum
1229 3627 1286 3693 alii
1308 3628 1344 3695 id

233 3734 324 3799 nihili
340 3734 463 3799 faciant
477 3755 582 3819 neque
598 3742 717 3821 curent,
740 3735 891 3818 quoniam
905 3734 995 3800 illum
1010 3754 1137 3819 quoque
1152 3735 1266 3800 librum
1284 3756 1342 3820 pro

230 3841 340 3926 spurio
364 3862 403 3908 ac
426 3841 563 3928 subdito,
586 3851 673 3908 certe
695 3863 753 3927 pro
777 3843 921 3925 graviter
943 3842 1137 3927 interpolato
1160 3842 1343 3908 habendum

232 3968 304 4014 esse
319 3949 521 4015 arbitrantur.
554 3947 640 4025 Quid
653 3969 729 4014 vero
745 3949 851 4014 dicam
866 3947 908 4014 de
921 3949 1056 4033 ratione,
1080 3968 1163 4032 quae
1177 3949 1342 4033 epitaphio

231 4054 400 4121 intercedit
423 4076 494 4121 cum
506 4055 704 4140 panegyrico
718 4055 894 4122 Isocratis?
940 4054 1032 4133 uuae
1051 4054 1180 4138 quidem
1195 4056 1342 4139 quaestio

303 4230 325 4301 ¹)
344 4233 431 4287 Ueber
444 4234 491 4288 das
501 4233 675 4289 Verbaltniss
688 4251 742 4288 von
752 4234 863 4289 Platone
873 4236 1039 4290 Menexenus
1053 4252 1086 4287 zu
1100 4233 1162 4288 dem
1176 4233 1342 4302 Epitaphius

232 4323 258 4378 d.
276 4322 379 4392 Lysias.
416 4323 511 4377 Guben
531 4325 607 4378 1830.
626 4324 652 4377 4.

304 4410 325 4479 ²)
345 4412 435 4467 Goett.
454 4413 553 4467 Naehr.
575 4413 652 4477 1864,
670 4431 697 4482 p.
719 4413 768 4468 199
788 4431 821 4467 ss.

1151 4499 1183 4553 1*
