3109 4884
781 345 801 406 9

233 560 274 606 cx
306 539 368 605 hac
403 556 438 605 re
471 538 670 622 compositio.
693 536 850 623 epitaphii
887 536 968 603 satis
1000 555 1159 622 superque
1190 535 1344 620 explicari

232 654 347 733 potest
392 647 477 714 Nam
495 651 610 730 orator,
634 665 829 729 quamquam
847 643 1018 710 manifesto
1042 643 1107 709 iam
1120 644 1173 710 vel
1187 643 1344 709 maximos

233 754 346 837 globos
369 753 403 818 in
427 752 565 819 ambitus
587 752 707 821 referre
730 773 770 818 ac
792 750 929 818 rotunde
945 750 1203 818 circumscribere
1227 749 1344 832 studet,

232 866 340 925 tamen
371 860 510 943 rigorem
546 858 708 942 quendam
739 857 982 945 compositionis
1019 858 1173 941 antiquae
1205 857 1346 924 nondum

231 967 330 1052 plane
362 986 514 1051 superare
536 972 653 1051 potest,
686 987 757 1032 cum
789 986 830 1032 ex
865 965 969 1031 altera
995 971 1092 1051 parte
1120 964 1219 1031 etiam
1246 964 1346 1048 longa

235 1073 318 1140 serie
350 1092 538 1158 semperque
571 1072 668 1139 simili
701 1079 813 1139 1011010
845 1072 1004 1138 antitheta
1035 1071 1207 1138 continuet
1261 1071 1346 1137 Illud

234 1179 317 1247 enim
344 1179 451 1265 ipsum
478 1179 703 1246 concinnitatis
731 1179 887 1264 studium,
915 1179 948 1244 in
971 1178 1188 1246 ostentatione
1217 1178 1345 1244 demon·

233 1286 369 1353 strativa
405 1285 564 1371 positum,
602 1305 737 1353 necesse
773 1293 824 1353 est
859 1286 965 1369 magis
1001 1285 1189 1352 uniformem
1225 1285 1346 1352 efficiat

233 1393 503 1460 continuationem
539 1395 750 1461 membrorum
790 1392 1010 1477 rotundaeque
1052 1414 1092 1459 ao
1128 1392 1345 1478 circumscrip-

233 1505 288 1566 tae
323 1499 545 1585 compositioni
580 1501 748 1567 verborum
786 1499 916 1566 officiat
981 1499 1078 1566 Cuius
1115 1499 1162 1565 rei
1200 1520 1264 1565 non
1297 1505 1347 1565 cst

233 1606 392 1690 insignius
439 1607 619 1692 exemplum
665 1628 761 1691 quam
802 1608 1018 1691 fragmentum
1062 1605 1144 1672 illud
1189 1605 1347 1691 epitaphii

233 1714 384 1799 Gorgiae,
408 1713 502 1799 quod,
525 1720 620 1799 prout
643 1714 871 1781 antithetorum
894 1720 1008 1779 01110111
1030 1713 1170 1779 maxime
1193 1711 1347 1796 abundat,

232 1819 279 1885 ita
311 1819 439 1885 rotundi
470 1820 601 1904 quidem
632 1842 672 1886 ac
705 1821 873 1906 compositi
905 1819 1070 1885 minimum
1100 1819 1207 1885 habet
1253 1817 1347 1895 Quod

233 1927 313 1993 artis
345 1925 441 1993 huius
473 1925 611 1994 rhetoris
647 1926 736 1993 haud
772 1926 870 1994 dubie
908 1927 1080 2010 genuinum
1111 1932 1347 1992 monumentum

232 2034 331 2116 longa
367 2053 427 2100 sua
460 2033 698 2100 continuatione
734 2036 947 2100 membrorum
983 2032 1167 2117 aequalium
1203 2033 1347 2117 aequali-

233 2147 345 2225 terque
378 2147 570 2208 struotorum
601 2141 635 2206 in
668 2141 804 2211 historia
837 2141 1042 2225 eloquentiae
1074 2140 1220 2207 Graecae
1254 2140 1347 2223 quasi

233 2247 375 2313 archaici
402 2247 570 2314 cuiusdam
598 2248 664 2315 stili
691 2248 763 2315 vice
791 2248 942 2332 fungitur.
993 2247 1131 2314 Etiamsi
1158 2247 1257 2331 igitur
1282 2267 1347 2313 non

235 2351 363 2436 quidem
385 2375 505 2439 ponere
532 2355 678 2422 volumus
702 2355 762 2420 hoc
786 2355 928 2438 Gorgiae
951 2354 1110 2439 epitaphii
1133 2374 1236 2438 genus
1263 2374 1346 2420 com·

234 2459 404 2543 positionis
435 2461 556 2545 Lysiae
590 2462 623 2526 in
656 2461 823 2528 condendo
861 2481 920 2528 suo
953 2460 1118 2547 epitaphio
1155 2460 1279 2527 directo
1312 2468 1348 2526 ut

235 2566 417 2651 exemplam
447 2574 524 2633 01110
556 2568 666 2635 oculos
695 2569 899 2635 obversatum
931 2588 1018 2652 esse,
1051 2568 1085 2633 in
1116 2568 1179 2634 hac
1208 2587 1245 2633 re
1273 2588 1346 2634 con-

235 2672 410 2739 sideranda
432 2674 586 2741 historica
604 2675 688 2741 ratio
711 2696 751 2742 ao
767 2675 965 2760 comparatio
988 2675 1099 2759 utique
1117 2674 1261 2742 recusari
1283 2694 1348 2741 non

234 2786 350 2864 potest.
394 2782 477 2849 Nam
500 2783 529 2848 01
551 2783 625 2849 111110
648 2783 774 2849 solutae
798 2782 1022 2868 compositioni
1037 2783 1180 2866 Gorgiae
1193 2782 1347 2849 Isocratis

235 2886 324 2951 illam
337 2888 514 2972 perfectam
528 2890 773 2974 absolutamque
787 2889 992 2975 periodorum
1005 2889 1235 2956 rotunditatem
1249 2909 1348 2974 oppo-

234 2992 348 3079 nimus,
371 3014 476 3061 nonne
498 3003 607 3063 noster
626 2996 812 3082 epitaphius
835 2997 918 3063 inter
941 2996 1000 3064 hos
1024 3003 1168 3063 oratores
1191 2996 1226 3062 in
1240 2995 1347 3062 medio

233 3099 401 3186 ponendus
425 3108 523 3185 atque
545 3109 613 3168 tam
626 3102 839 3189 componendi
861 3103 987 3170 ratione
1010 3124 1106 3187 quam
1129 3109 1238 3169 aetate
1253 3102 1348 3187 qnasi

234 3208 405 3275 transitum
436 3208 519 3276 inter
551 3229 607 3276 000
639 3210 747 3276 100010
778 3209 942 3294 putandus
975 3211 1051 3277 est?
1118 3211 1233 3294 Itaque
1265 3208 1347 3276 11000

235 3315 338 3382 oratio
366 3315 454 3382 haud
480 3317 649 3384 obscurum
672 3316 833 3401 quendam
861 3317 996 3401 gradum
1019 3337 1288 3410 progressumque
1314 3317 1347 3381 in

234 3422 367 3507 periodo
380 3426 579 3509 panegyrica
595 3424 772 3491 excolenda
786 3424 970 3508 significare
983 3424 1120 3492 videtur.
1165 3424 1225 3490 Gui
1240 3430 1347 3490 autem

234 3530 340 3612 magis
358 3538 608 3598 consentaneum
626 3538 676 3599 001
694 3531 755 3598 hoc
773 3552 888 3598 munus
907 3531 1065 3598 vindicari
1086 3530 1347 3617 epitaphiumque

234 3638 340 3723 tribui,
362 3659 459 3722 quarn
482 3639 586 3707 eidem
599 3639 728 3725 Lysiae,
751 3639 807 3723 qui
829 3638 1014 3705 iudicialem
1038 3659 1164 3723 quoque
1179 3638 1347 3724 periodum

236 3750 293 3809 aut
315 3745 385 3830 ipse
409 3745 535 3814 demum
557 3748 724 3814 invenerat
746 3752 803 3813 aut
826 3746 891 3810 iam
913 3747 1077 3812 inventum
1100 3746 1307 3812 excoluerat?
1322 3748 1346 3826 ¹)

235 3851 348 3934 Neque
362 3872 438 3919 vero
462 3853 495 3917 in
517 3854 620 3939 ipsius
633 3853 797 3928 iudicialis
811 3852 940 3938 generis
964 3852 1203 3938 compositione,
1226 3853 1259 3917 in
1282 3872 1347 3936 qua

236 3956 365 4040 quidem
396 3964 504 4025 orator
534 3980 688 4044 perquam
718 3961 819 4027 multo
851 3960 925 4044 plus
959 3980 1055 4043 quam
1086 3959 1119 4024 in
1148 3959 1347 4045 panegyrica

236 4064 450 4131 elaboraverit
464 4071 561 4149 atque
574 4074 722 4134 versatus
741 4068 793 4152 sit,
817 4073 874 4133 ant
886 4068 984 4152 plane
999 4067 1127 4133 exculta
1149 4072 1206 4133 aut
1220 4085 1347 4150 semper

236 4170 351 4239 cadem
372 4170 499 4238 indoles
521 4179 693 4257 comparet,
717 4172 775 4240 scd
798 4172 873 4240 huic
896 4194 1023 4258 quoquc
1047 4174 1199 4256 antiquus
1215 4170 1345 4256 quidam

234 4278 323 4362 rigor
345 4277 572 4363 affectatioque
594 4278 668 4363 plus
690 4279 836 4346 minusve
858 4279 1025 4346 adhaeret.

308 4418 330 4488 ¹)
349 4419 388 4475 Cf.
407 4421 518 4491 Dionys.
537 4421 571 4477 dc
588 4422 649 4492 Lys.
668 4423 694 4477 6.
