3109 4884
745 298 790 363 40

213 492 308 562 simul
340 491 547 560 ostendamus
579 490 779 578 epitaphium
814 511 879 557 nou
909 490 1005 558 modo
1041 512 1105 559 non
1136 492 1325 577 panegyrici

213 599 342 685 quidem
351 602 443 666 'certe
457 598 725 685 compilationem,
749 598 808 665 sed
827 597 925 665 etiam
943 618 1054 665 rerum
1066 599 1186 684 Lysiae
1206 599 1326 665 foetum

214 727 295 776 esse.
318 706 416 773 Velut
429 705 487 772 illa
496 706 579 792 ipsa,
594 727 689 791 quam
698 703 794 772 modo
804 704 953 791 diximus,
966 705 1208 772 Atheniensium
1222 705 1325 772 eladis

212 814 332 882 mentio
355 813 389 878 in
403 813 569 899 epitaphio
592 813 643 880 his
657 812 765 881 verbis
789 812 876 879 elata
900 818 963 880 est:
987 816 1065 894 §58
1088 812 1325 900 ἀπολομένων

213 926 270 1007 γὰρ
290 932 359 987 τῶν
379 932 466 986 νεῶν
484 921 516 985 ἐν
531 917 822 1007 Ἑλλησπόντῳ-καὶ
842 932 1028 1007 συμφορᾶς
1048 920 1165 1006 ἐκείνης
1185 921 1326 1007 μεγίστης

214 1034 382 1116 γενομένης.
430 1027 463 1094 si
495 1047 566 1093 eum
598 1028 660 1095 hac
691 1026 853 1094 sententia
883 1046 996 1112 parem
1027 1026 1095 1094 fere
1129 1026 1219 1093 illum
1251 1027 1272 1092 l.
1303 1027 1325 1092 l.

214 1134 403 1221 panegyrici
439 1133 632 1201 conferimus
669 1139 767 1217 atque
803 1134 846 1200 ab
883 1134 987 1200 altera
1022 1140 1116 1220 parte
1148 1133 1327 1219 incipimus,

215 1247 320 1309 utrum
355 1239 463 1326 potius
499 1239 677 1326 putandum
718 1246 768 1308 est
804 1240 997 1307 imitatorem
1037 1240 1127 1306 illum
1162 1240 1325 1319 Isocratis,

215 1347 404 1434 panegyrici
432 1347 555 1436 ἀτυχίαν
587 1348 620 1414 in
649 1355 816 1436 οομφοράν,
849 1367 892 1413 an
919 1347 1003 1414 hunc
1030 1353 1189 1413 oratorem
1217 1354 1328 1413 eontra

216 1455 484 1522 commutavisse?
521 1454 564 1521 At
585 1456 647 1540 hic,
670 1454 699 1522 si
722 1454 920 1540 epitaphium
934 1454 1113 1541 exscripsit,
1136 1453 1216 1520 nihil
1235 1452 1325 1520 aliud

216 1562 294 1647 nisi,
325 1568 361 1628 ut
392 1582 433 1628 ex
465 1561 535 1629 eius
563 1561 692 1646 quidem
719 1581 763 1629 or.
798 1564 848 1646 12,
866 1564 908 1628 99
942 1561 985 1647 (5,
1003 1564 1059 1642 62)
1088 1560 1204 1646 elucet,
1237 1581 1328 1627 suum

217 1669 320 1755 ipsius
343 1676 441 1753 atque
454 1669 617 1754 proprium
631 1668 745 1735 lectius
759 1687 875 1735 noman
897 1687 955 1753 pro
979 1667 1037 1734 illa
1050 1666 1145 1734 clade
1167 1665 1328 1753 imposuit,

218 1775 289 1861 ille,
319 1774 347 1841 si
369 1775 613 1862 panegyricum,
635 1773 788 1843 videlicet
810 1775 942 1859 Lysiam
971 1775 1126 1842 imitando
1151 1775 1328 1861 exprimere

217 1873 327 1949 voluit.
375 1882 545 1950 Enimvero
569 1883 620 1949 eui
642 1882 747 1967 magis
771 1903 868 1967 quam
889 1882 964 1948 huic
986 1889 1096 1949 nostro
1119 1882 1176 1948 illa
1200 1880 1329 1966 quidem

219 1989 289 2055 cius
317 1989 421 2056 cladis
448 1988 626 2075 appellatio
657 1996 693 2055 ut
724 2009 784 2055 sua
816 1988 1021 2055 attribuenda
1049 1992 1120 2057 est?
1165 1990 1249 2058 Nam
1280 1993 1329 2056 est

218 2102 347 2181 praeter
374 2100 394 2178 ξ
418 2096 460 2163 59
490 2096 587 2163 etiam
613 2098 662 2181 12,
681 2099 735 2164 43.
762 2098 811 2182 16,
831 2099 861 2163 4.
884 2100 936 2182 21,
957 2100 985 2162 9.
1009 2099 1061 2182 31,
1081 2100 1110 2164 8.
1155 2097 1225 2164 Illis
1253 2115 1328 2162 vero

219 2202 378 2289 prioribus
409 2202 497 2270 illius
528 2203 592 2269 loci
623 2203 744 2288 verbis,
775 2203 837 2270 etsi
869 2203 958 2269 haud
989 2205 1036 2269 ita
1065 2204 1164 2270 multo
1196 2202 1328 2289 propius

220 2308 379 2377 accedunt
400 2308 444 2374 ad
469 2311 519 2395 13,
534 2311 564 2377 5.
589 2312 676 2395 21,9
699 2329 795 2393 quam
817 2309 862 2374 ad
883 2311 925 2377 Is.
946 2315 974 2396 7,
989 2313 1041 2378 64.
1066 2313 1116 2396 18,
1130 2311 1173 2377 59
1197 2316 1230 2376 et
1247 2308 1329 2375 And.

222 2420 250 2502 1,
265 2418 316 2502 73,
332 2418 403 2482 149.
426 2418 456 2501 3,
470 2418 522 2503 21,
546 2415 624 2501 quid
642 2416 778 2484 similius
798 2417 934 2501 cogitari
952 2424 1061 2502 potest
1074 2437 1170 2501 quam
1185 2416 1329 2484 eiusdem

219 2523 267 2590 rei
290 2524 547 2590 commemoratio
571 2527 680 2609 30,10
707 2523 936 2611 ἀπολομένων
963 2537 1032 2591 τῶν
1060 2525 1168 2592 year?
1213 2523 1329 2590 Aeno

218 2629 301 2696 illud
314 2630 443 2715 quidem
465 2632 502 2698 ἐν
515 2630 741 2718 Ἑλλησπόντῳ,
765 2630 852 2715 quod
874 2631 907 2697 in
920 2632 983 2698 hac
1005 2652 1040 2698 rc
1054 2637 1223 2718 praeterea
1242 2633 1292 2714 16,
1307 2633 1329 2695 4

221 2744 254 2804 et
278 2740 385 2823 19,16
408 2739 549 2824 positum
571 2745 629 2823 est,
651 2737 782 2823 neglegi
806 2737 911 2825 debet,
934 2760 1005 2805 cum
1029 2740 1127 2806 etiam
1150 2738 1330 2806 inveniatur

220 2848 301 2931 περὶ
322 2843 366 2909 Ἑ.
389 2845 432 2912 Is.
454 2847 485 2930 5,
499 2848 542 2911 62
566 2852 598 2911 et
622 2848 651 2931 7,
666 2847 718 2911 64.
764 2844 831 2912 Sed
852 2845 915 2911 hac
937 2867 973 2913 re
995 2846 1060 2912 iam
1083 2846 1152 2913 fere
1175 2845 1329 2913 ambitum

220 2952 362 3017 locorum
376 2952 418 3018 ab
431 2952 575 3019 Isocrate
594 2951 627 3017 in
639 2953 836 3037 panegyrico
851 2953 922 3039 ipso
936 2952 1092 3020 imitando
1108 2973 1331 3039 expressorum

223 3059 420 3127 excessimus
436 3066 533 3143 atque
547 3059 581 3124 in
596 3079 742 3144 eampum
755 3059 897 3126 uniuersi
914 3060 1009 3127 huius
1023 3060 1160 3128 oratoris
1175 3058 1330 3127 sermonis

223 3166 326 3233 evecti
349 3187 471 3251 sumus,
498 3165 589 3234 cuius
612 3164 741 3251 quidem
768 3167 852 3234 ratio
880 3167 924 3234 ad
947 3168 1180 3252 generaliorem
1207 3174 1331 3233 tautum

86 3342 93 3357 ,
221 3273 311 3339 illam
332 3272 427 3341 huius
451 3273 651 3357 quaestionis
673 3280 799 3359 partem
823 3275 970 3360 pertinet.
1006 3275 1050 3341 ht
1073 3274 1157 3341 enim
1179 3282 1254 3342 sunt
1276 3274 1331 3359 qui

223 3379 421 3466 epitaphium
444 3380 571 3447 omnino
594 3400 634 3447 ex
656 3381 810 3448 Isocratis
832 3383 1000 3448 uerborum
1027 3402 1087 3448 usu
1115 3389 1213 3466 atquc
1236 3383 1332 3468 copia

223 3488 438 3573 conscriptum
460 3507 533 3553 esse
547 3486 656 3555 velint.
693 3488 808 3571 Itaque
831 3508 903 3574 quo,
926 3489 954 3554 si
976 3488 1056 3555 nihil
1079 3488 1177 3574 alioci
1201 3496 1236 3555 at
1257 3490 1332 3555 huic

224 3600 310 3660 certe
343 3594 484 3679 opinioni
516 3614 737 3680 occmramus‚
772 3595 834 3661 hoe
870 3588 999 3679 quidem
1034 3596 1106 3662 loeo
1143 3597 1201 3661 illa
1237 3616 1331 3679 arga-

223 3700 387 3767 mentandi
409 3700 534 3768 ratione
560 3708 691 3787 recepta
722 3702 756 3766 in
778 3701 970 3785 quibusdam
1002 3704 1113 3788 ctiam,
1150 3722 1232 3787 quae
1264 3703 1332 3770 fere

224 3806 307 3874 forte
330 3806 623 3893 animadvertimus,
647 3808 773 3893 exiguis
798 3807 935 3894 quidem,
959 3808 1019 3876 sed
1040 3810 1158 3896 partim
1180 3810 1331 3876 creberri-

223 3914 284 3982 mis
315 3914 422 3987 vcrhis
453 3917 684 3999 verborumque
716 3914 931 3984 iunctionibus
963 3916 1170 3985 ostendamus
1203 3918 1237 3983 in
1265 3917 1332 4003 epi-

224 4021 335 4107 taphio
359 4028 391 4088 et
413 4022 529 4090 ceteris
551 4023 672 4108 Lysiae
694 4023 892 4090 orationihus
916 4025 958 4089 ab
980 4025 1054 4109 hac,
1078 4026 1111 4090 in
1134 4025 1332 4093 orationibus

224 4129 378 4195 Isocratis
410 4130 451 4195 ah
484 4129 541 4195 illa
569 4135 662 4215 parte
690 4129 753 4196 duo
783 4137 872 4197 ecrta
899 4132 1221 4215 quantulumcumque
1250 4132 1334 4198 inter

226 4256 262 4302 se
303 4234 433 4303 diversa
469 4235 631 4321 quaedam
672 4235 829 4304 idiomata
870 4239 1024 4305 sermonis
1061 4238 1201 4306 discerni
1236 4245 1332 4324 atque

226 4341 325 4411 statui
346 4361 453 4428 posse.
