3109 4884
830 358 869 421 16

285 569 393 616 verum
417 550 514 616 etiam
536 569 595 635 pro
609 548 748 616 hostium
762 549 912 616 libertate
925 549 1006 615 mori
1029 554 1049 632 ξ
1064 554 1116 619 68.
1165 553 1278 637 Neque
1294 552 1399 618 minus

286 676 375 722 amor
396 656 555 723 libertatis
578 655 738 722 indicatur
761 657 897 723 oaritate
919 657 1017 742 patrii
1041 658 1110 723 soli.
1155 660 1225 726 Huo
1250 665 1399 744 spectant

285 764 444 830 antitheta
467 764 628 848 optionem
650 763 733 828 inter
755 764 896 848 patriam
918 769 951 829 et
973 765 1177 848 peregrinam
1199 772 1318 833 terram
1343 765 1399 831 eli-

286 872 424 956 gendum
456 871 668 956 exprimentia
695 873 715 951 ξ
743 873 796 938 62.
849 873 898 955 14,
922 873 974 937 38.
1019 874 1070 956 31,
1094 875 1123 938 9.
1178 873 1325 957 Denique
1358 873 1399 938 de

286 979 510 1047 observatione
524 985 558 1044 et
569 977 766 1045 verecundia
779 978 887 1061 legum
896 977 975 1061 quid
987 979 1141 1045 maiorem
1150 980 1215 1046 vim
1225 980 1398 1046 auetorita-

285 1093 412 1170 temque
443 1085 487 1151 ad
518 1092 661 1151 nostram
694 1085 886 1152 sententiam
912 1084 1027 1151 afferre
1058 1092 1167 1170 potest
1198 1087 1271 1154 his?
1304 1089 1325 1168 ξ
1357 1089 1400 1152 25

286 1195 420 1281 μᾶλλον
452 1195 518 1266 τοὺς
549 1189 619 1277 παρ’
653 1188 749 1265 αδτοῖς
780 1199 913 1280 νόμους
944 1189 1145 1280 αἰσχυνόμενοι
1176 1191 1196 1280 ἢ
1222 1198 1280 1258 τὸν
1311 1197 1400 1278 πρὸς

284 1302 365 1373 τοὺς
395 1300 589 1386 πολεμίους
615 1301 776 1364 κίνδυνον
809 1301 1025 1387 φοβουμενοι
1057 1301 1100 1384 (3,
1123 1301 1145 1365 2
1165 1323 1194 1365 α.
1217 1303 1271 1388 μ),
1306 1301 1400 1384 14,4

286 1409 420 1494 μᾶλλον
448 1405 638 1494 ἐφοβεῖσθε
669 1408 749 1479 τοὺς
781 1418 834 1494 τῆς
865 1408 981 1479 πόλεως
1011 1413 1142 1493 νόμους
1172 1406 1193 1493 ἢ
1224 1411 1283 1471 τὸν
1313 1410 1398 1491 πρὸς

284 1518 364 1588 τοὺς
386 1514 577 1600 πολεμίους
599 1512 769 1578 κίνδυνον.
816 1512 864 1577 Ao
885 1532 927 1579 ne
942 1511 1014 1595 quis
1028 1512 1110 1579 forte
1132 1511 1185 1577 hio
1197 1512 1399 1598 potissimum

286 1621 327 1687 de
350 1621 458 1687 aliena
470 1618 669 1684 mutuatione
692 1619 820 1703 oogitet,
843 1617 1010 1685 elementia
1024 1620 1092 1684 fere
1106 1618 1202 1685 huius
1217 1620 1397 1685 sententiae

288 1731 338 1814 14,
361 1732 382 1795 9
406 1725 592 1792 dissociatis
613 1724 696 1791 haee
718 1723 884 1808 cogitandi
912 1725 994 1791 ratio
1022 1726 1075 1790 vel
1105 1726 1244 1791 maxime
1275 1725 1398 1810 Lysiae

287 1843 322 1902 ut
340 1833 472 1920 propria
490 1830 697 1898 attribuenda
710 1831 849 1897 videtur:
873 1834 939 1906 τοὺς
953 1833 1150 1920 πολεμίους
1173 1835 1266 1899 ἐδεισε
1285 1870 1322 1880 -
1339 1843 1398 1900 τῶν

285 1949 399 2030 νόμον
420 1938 476 2006 ota
498 1939 661 2028 ἐφρόντισεν
686 1977 726 1987 -
751 1936 833 2005 οὐδὲν
857 1936 934 2024 αι’νιῷ
955 1951 1011 2004 τῶν
1033 1942 1202 2005 αινδίινιυν
1224 1940 1375 2027 ἐμέλησεν.

375 2048 562 2134 Populares,
587 2046 614 2113 si
629 2067 713 2112 nuno
735 2047 818 2112 liaeo
832 2046 1023 2131 quaerimus,
1045 2045 1192 2113 hostibus
1214 2047 1308 2113 viotis
1331 2068 1397 2113 rem

285 2157 447 2245 publicam
468 2154 605 2242 primum
626 2153 732 2237 magis
755 2154 790 2218 in
811 2153 994 2219 universum
1021 2159 1119 2236 atque
1146 2154 1179 2218 in
1207 2155 1394 2220 exteriorem

285 2270 411 2352 partem
433 2267 599 2328 auxerunt
652 2260 757 2342 Atque
781 2280 829 2344 ea,
861 2280 945 2343 quae
972 2260 1024 2325 hio
1046 2259 1081 2324 in
1103 2280 1233 2327 oensum
1255 2262 1391 2344 veniunt,

285 2376 446 2437 momenta
467 2367 541 2455 plus
564 2366 668 2433 minus
692 2371 832 2451 oognata
855 2366 1015 2433 sententia
1039 2373 1071 2432 et
1094 2367 1196 2433 forma
1219 2368 1331 2435 iterum
1352 2387 1391 2432 ao

286 2479 418 2564 saepius
431 2476 645 2562 reperiuntur:
670 2476 690 2554 ἕ
706 2476 748 2540 63
764 2476 927 2562 μεγάλην
942 2479 993 2561 μὲν
1008 2475 1071 2540 ἀντί
1094 2487 1222 2562 μιαρᾶς
1245 2473 1395 2546 ἀπέδειξαν

284 2592 337 2674 τὴν
360 2587 475 2660 πόλιν,
499 2580 719 2669 ὁμονοοῦσαν
743 2580 767 2646 δ’
789 2582 853 2647 ἀντί
875 2585 1086 2668 στασιαζοίνσης
1109 2582 1271 2670 ἀπέφηναν.
1294 2583 1396 2669 τείχη

286 2694 375 2760 δ’ἀντί
397 2703 453 2757 τῶν
474 2691 739 2775 καθῃρημένων
761 2694 822 2753 νέα
845 2686 1015 2776 ἀνέστησαν,
1041 2690 1126 2772 13,9
1149 2686 1224 2753 ὥστε
1249 2695 1323 2776 μήτε
1342 2700 1398 2754 τῶν

285 2812 412 2889 τειχῶν
443 2801 575 2863 διελεῖν
608 2802 681 2883 pipo
711 2800 764 2882 τἠν
796 2797 898 2861 πόλιν
930 2796 1124 2861 ἐλαττῶσαι
1148 2798 1247 2883 μηδέν,
1282 2799 1331 2880 12,
1355 2798 1397 2861 99

284 2906 355 2994 ὑπέρ
391 2929 420 2970 τε
455 2917 508 2992 τῆς
544 2905 696 2979 πόλεως,
733 2903 770 2989 ἣν
805 2904 938 2988 μικρὰν
975 2902 1127 2987 ἐποίησαν,
1165 2899 1236 2988 δπέρ
1273 2926 1304 2967 τε
1342 2914 1399 2966 τῶν

286 3013 456 3101 νεωρίων,
480 3012 500 3075 ἃ
522 3012 707 3077 καθεῖλον.
753 3008 805 3075 De
827 3008 893 3075 illis
908 3015 1015 3074 autem
1029 3008 1118 3075 urbis
1132 3008 1235 3095 ipsius
1249 3010 1398 3074 auctibus

286 3120 469 3189 eonferatur
491 3119 542 3203 25,
557 3120 600 3183 20
621 3121 675 3183 καί
696 3114 866 3203 ὁμόνοιαν
885 3117 1023 3204 πλείστην
1040 3124 1175 3205 ποιήσετε
1194 3121 1247 3181 καί
1264 3114 1399 3203 ἡπόλις

287 3233 369 3297 ἔσται
396 3227 551 3315 μεγίστη.
603 3223 744 3289 Gonoors
776 3222 913 3306 denique
943 3223 1146 3309 popularium
1177 3223 1302 3289 animus
1334 3222 1397 3288 dis-

288 3334 398 3401 oordia
420 3331 571 3418 opposita
593 3336 763 3415 praeterea
786 3329 936 3397 laudatur
960 3332 1010 3415 18,
1037 3334 1085 3414 17,
1112 3333 1160 3415 18,
1189 3329 1315 3398 discors
1343 3330 1398 3395 tri·

287 3443 378 3527 ginta
400 3440 539 3505 virorum
561 3437 761 3522 vituperatur
786 3439 836 3522 12,
859 3439 911 3504 55.
956 3435 1026 3504 Νεο
1049 3436 1155 3502 minus
1183 3457 1267 3519 quae
1290 3442 1399 3502 orator

286 3555 455 3635 praeterea
487 3544 528 3612 de
563 3544 671 3629 patria
705 3563 766 3610 sua
802 3543 1030 3629 amplifioanda
1064 3543 1206 3630 profert,
1243 3565 1313 3610 oum
1350 3543 1398 3608 illi

287 3653 443 3742 epitaphii
465 3653 536 3718 looo
565 3650 683 3717 similia
710 3657 797 3735 sunt,
824 3656 891 3715 tum
917 3649 1000 3717 inter
1033 3669 1068 3716 se
1099 3650 1173 3736 ipsa
1204 3656 1397 3734 congruunt:

287 3768 307 3844 ἓ
344 3763 390 3829 55
425 3760 617 3843 ἐλευθέραν
653 3762 704 3845 μὲν
745 3755 920 3844 ἐποίησαν
956 3762 1007 3844 τὴν
1047 3756 1194 3834 Ἑλλάδα,
1231 3762 1399 3844 μεγίστην

287 3867 463 3941 δ’ἆπέδειξαν
492 3870 546 3953 τὴν
582 3863 692 3930 ἑαυτῶν
727 3867 867 3949 πατρίδα,
900 3866 952 3949 28,
992 3868 1032 3931 14
1069 3863 1110 3938 ὡς
1148 3866 1311 3951 μεγάλην
1346 3867 1399 3929 καὶ

287 3975 480 4060 ἐλευθέραν
502 3977 553 4060 τὴν
580 3975 665 4038 πόλιν
694 3978 905 4058 ποιήσωσιν,
934 3972 985 4055 25,
1008 3973 1052 4037 32
1084 3975 1215 4059 μιαρὰν
1246 3968 1318 4036 εἶναι
1347 3975 1399 4057 τὴν

287 4080 616 4168 πόλιν-ἢ·μεγάλην
638 4083 691 4145 καί
712 4078 918 4163 ἐλευθέραν.
965 4077 1050 4155 Quid
1067 4097 1144 4143 vero
1160 4077 1396 4161 significantius

286 4190 407 4276 Lysiae
440 4188 603 4271 ingenium
639 4184 806 4252 declarare
841 4191 949 4270 potest
988 4205 1083 4268 quam
1123 4183 1203 4250 haee
1239 4183 1398 4251 sententia

287 4295 509 4383 panegyrica?
555 4297 575 4373 ξ
600 4296 642 4360 68
670 4293 837 4380 ἐτόλμησαν
863 4296 921 4377 γὰρ
950 4294 1106 4379 μεγάλην
1134 4302 1318 4365 ποιοῦντες
1344 4295 1397 4375 την

290 4401 422 4469 Ἑλλάδα
435 4438 451 4451 ·
465 4400 550 4487 ι”ιπέρ
567 4413 627 4490 τῆς
641 4436 658 4450 -
673 4400 890 4485 ἐλευθερίας
904 4399 1154 4486 ἀποθνήσκειν,
1181 4401 1230 4484 18,
1243 4401 1287 4464 24
1301 4394 1331 4463 οί
1346 4400 1397 4486 μὲν
