3109 4884
473 1201 589 1303 DE
626 1200 836 1303 VITA
873 1199 1083 1301 MEA.

724 1410 831 1426 &NVVW

287 1557 446 1621 Petrus
469 1554 772 1620 Thomasehik
799 1560 895 1618 natus
919 1572 989 1619 sum
1012 1551 1066 1617 die
1084 1551 1196 1617 XXIII
1217 1551 1337 1616 mensis

221 1663 389 1728 Februarii
417 1683 447 1731 a.
475 1661 506 1728 h.
534 1682 559 1728 s.
586 1661 659 1726 LIV
681 1660 720 1725 in
747 1658 884 1726 Silesiae
913 1659 1088 1744 superioris
1117 1658 1190 1723 vieo
1217 1657 1338 1741 Magna

222 1769 441 1835 Dembrowka
476 1769 665 1853 parentibus
696 1766 872 1832 Francisee
905 1765 1126 1832 Thomasehilr
1163 1771 1196 1831 et
1231 1765 1338 1830 Maria

223 1876 383 1960 Sezegiel,
416 1895 456 1940 ex
488 1874 603 1957 quibus
630 1880 765 1939 matrem
797 1873 862 1938 iam
892 1872 1020 1957 pridem
1047 1879 1205 1937 mortuam
1232 1870 1339 1956 luges,

221 1989 347 2067 patrem
379 1980 485 2045 adhue
517 1981 723 2066 superstitem
758 1999 832 2046 esse
866 1979 1003 2063 gaudee.
1062 1978 1157 2044 Fidei
1188 1977 1339 2044 addictus

223 2108 293 2154 sum
334 2087 521 2154 catholicae.
567 2086 684 2153 Primis
726 2085 917 2153 eruditionis
958 2085 1147 2152 rudimentis
1188 2084 1222 2150 in
1262 2084 1338 2150 ludo

221 2193 398 2261 domestico
422 2195 561 2261 Imbutus
586 2194 792 2279 gymnasium
814 2192 1046 2278 Bythomiense
1071 2191 1139 2257 adii
1162 2198 1259 2275 atque
1282 2210 1340 2277 per

221 2322 336 2367 novem
358 2321 461 2368 annos
484 2301 695 2384 frequentavi.
739 2300 820 2366 Inde
844 2307 1014 2366 auetumno
1044 2321 1074 2364 a.
1098 2299 1128 2365 h.
1152 2319 1177 2366 s.
1199 2298 1337 2363 LXXVI

221 2407 452 2474 Vratislaviam
480 2407 524 2472 ad
550 2406 794 2473 universitatem
824 2407 1013 2472 Viadrinam
1040 2427 1091 2471 me
1120 2406 1253 2490 contuli,
1284 2405 1339 2470 ubi

222 2514 328 2581 adhue
351 2520 499 2581 versatus
524 2532 593 2580 sum
615 2513 844 2599 philosophIae
867 2519 965 2597 atque
988 2514 1192 2596 antiquarum
1216 2511 1338 2577 littera-

222 2642 291 2687 rum
315 2621 431 2688 studiis
454 2620 592 2687 deditus.
636 2620 673 2686 In
702 2640 787 2703 quae
809 2620 955 2686 initiatus
984 2641 1054 2686 sum
1082 2619 1202 2686 scholis
1225 2618 1338 2684 horum

222 2729 362 2794 virerum
384 2728 688 2795 illustrissimorum:

381 2835 554 2921 Dilthey,
577 2836 705 2921 Hertz,
728 2834 937 2919 Nemeum,
965 2833 1144 2918 Partseh,
1171 2831 1339 2898 Reiffer-

283 2996 287 3004 .
383 2941 531 3027 scheid,
554 2941 730 3026 Roepell,
752 2940 965 3025 Rossbach,
979 2939 1118 3024 Weber,
1132 2938 1338 3005 Weinhold.

293 3046 416 3124 Quibus
432 3048 578 3115 omnibus
599 3069 639 3114 ea
662 3049 703 3113 de
718 3068 819 3114 eausa
834 3048 957 3132 gratias
976 3066 1039 3131 ago
1059 3066 1154 3128 quam
1173 3045 1339 3112 maximas.
