3109 4884
769 365 809 426 14

232 575 304 621 nem
327 555 469 621 oblatam
492 554 682 640 arripuisse,
704 561 740 620 ut
762 554 850 620 illius
874 575 953 622 snae
976 555 1126 622 factionis
1150 550 1342 642 suarumque

233 662 327 728 simul
348 662 452 747 ipsius
474 663 625 727 virtutum
649 668 745 745 atque
768 662 914 727 laborum
929 669 1163 730 monumentum
1179 663 1342 747 quoddam

231 776 373 854 poneret.
422 768 513 846 Quae
537 770 720 836 oonieotura
744 789 814 835 eum
838 789 896 854 per
925 790 961 835 se
991 790 1146 835 summam
1173 771 1345 856 probabili-

233 883 332 942 tatem
356 875 462 961 habet,
486 882 552 940 tum
573 895 650 941 vero
673 875 794 940 nullam
818 875 1051 942 dubitationem
1065 877 1223 960 relinquit,
1247 878 1275 943 si
1294 899 1342 942 re·

231 989 389 1068 putamus,
421 1003 486 1066 qua
518 981 642 1047 ratione
671 988 703 1047 et
735 988 857 1064 quanta
889 1002 960 1047 eum
992 980 1205 1048 admiratione
1237 989 1344 1049 orator

233 1088 307 1155 illas
330 1089 465 1155 virtutes
489 1109 560 1154 eum
583 1088 710 1153 omnino
734 1089 767 1153 in
791 1088 978 1173 maioribus,
1007 1095 1074 1153 tum
1096 1089 1130 1153 in
1152 1088 1218 1154 illis
1241 1110 1340 1174 popu-

231 1195 353 1263 laribus
385 1196 453 1261 suis
484 1194 651 1280 praeditet
684 1201 781 1278 atque
814 1201 914 1263 ornet.
967 1195 1050 1263 Nam
1082 1202 1117 1259 ut
1144 1194 1341 1262 alaudibus

231 1303 342 1369 horum
365 1303 490 1367 initium
513 1303 687 1387 capiamus,
711 1308 820 1367 orator
843 1321 900 1368 eas
924 1305 944 1381 ξ
968 1305 1009 1369 61
1035 1300 1198 1368 exorditur
1230 1301 1344 1369 eadem

231 1409 450 1496 appellatione
473 1408 579 1476 ἐκεῖνοι
603 1408 630 1474 οἱ
652 1408 767 1495 ἄνδρες,
792 1429 856 1493 qua
870 1429 943 1474 oum
956 1408 1055 1473 animi
1075 1408 1213 1493 quodam
1228 1409 1343 1475 ardore

231 1517 342 1602 populi
365 1516 464 1582 duoes
487 1516 562 1583 illos
584 1514 766 1601 proditione
788 1515 997 1600 interemptos
1019 1523 1115 1582 vooat
1141 1519 1191 1602 13,
1214 1520 1266 1601 47,
1290 1521 1342 1602 92,

231 1627 282 1710 93,
306 1626 357 1710 94,
381 1623 505 1690 951111.
563 1623 671 1688 Verba
696 1643 773 1688 vero
803 1622 873 1688 eius
900 1621 983 1687 initii
1006 1625 1027 1703 ξ
1048 1626 1086 1690 61
1114 1629 1227 1697 πάντας
1249 1628 1341 1690 πολε-

232 1738 316 1819 μίους
337 1736 511 1818 κεκτημένοι
535 1728 577 1802 είς
599 1734 647 1795 τὸν
670 1727 799 1815 Πειραιᾶ
820 1731 974 1816 κατηλθον
1005 1748 1075 1794 cum
1099 1728 1213 1796 eadem
1236 1731 1341 1814 gravi·

230 1846 298 1904 tate
325 1844 422 1922 atque
453 1837 485 1901 vi
517 1834 606 1902 dieta
640 1820 712 1902 sunt
743 1856 783 1902 1ο
810 1836 910 1902 verba
944 1834 985 1900 de
1012 1834 1126 1901 iisdem
1158 1836 1338 1904 hominibus

230 1945 264 2009 in
287 1944 400 2011 eadem
431 1964 466 2009 re
500 1946 549 2028 12,
582 1946 623 2010 97
656 1946 775 2008 πολλῶν
813 1943 1031 2029 ἐναντιουμένων
1062 1941 1174 2029 ἤλθετε
1212 1942 1255 2017 είς
1292 1950 1340 2010 τὸν

231 2051 369 2138 Πειραιᾶ.
417 2050 482 2117 Sed
513 2051 547 2115 in
579 2050 686 2135 capite
713 2049 809 2116 huius
840 2049 1005 2134 praeconii
1038 2055 1146 2114 011101
1176 2056 1340 2134 tamquam

230 2158 394 2242 quoddam
426 2156 546 2222 dietum
575 2156 739 2241 proprium
770 2175 811 2220 ao
838 2155 1016 2239 symbolum
1048 2155 1174 2220 illorum
1201 2156 1340 2221 virorum

230 2265 338 2351 posuit
360 2263 561 2347 sententiam
584 2282 648 2345 qua
671 2262 765 2328 simul
789 2261 883 2345 quasi
906 2281 983 2328 suas
1005 2261 1108 2346 ipsius
1130 2262 1217 2327 vitae
1239 2263 1336 2327 ratio-

230 2392 288 2438 nes
318 2370 489 2454 studiaque
518 2368 646 2435 videtur
681 2389 754 2435 esse
785 2367 965 2453 professus:
998 2370 1081 2448 §61
1108 2372 1263 2457 ρείηοντες
1285 2374 1338 2456 την

230 2483 364 2545 δουλείαν
387 2483 439 2544 καὶ
461 2480 591 2562 περὶτοῦ
613 2479 725 2541 δικαίου
745 2482 910 2563 μαχόμενοι
923 2479 976 2540 καί
988 2472 1060 2560 δσὲρ
1073 2487 1126 2562 τῆς
1140 2477 1341 2562 δημοκρατίας

231 2592 450 2658 στασιάσαντες.
495 2582 638 2649 Eaedem
661 2583 895 2666 breviantes,
918 2580 961 2646 ad
985 2601 1066 2665 quas
1089 2581 1210 2664 legum
1233 2582 1339 2647 obser·

229 2692 318 2757 vatio
342 2689 476 2775 aceedit,
499 2689 673 2755 laudantur
696 2689 793 2755 etiam
821 2688 855 2753 in
878 2687 1112 2770 antiquissimis
1138 2687 1339 2753 Atheniensi·

229 2800 289 2864 bus
313 2802 333 2878 ἕ
359 2799 497 2865 11-19.
545 2795 697 2862 (lumbis
725 2796 759 2860 in
786 2794 951 2879 epitaphio
982 2792 1133 2861 laudibus
1162 2796 1340 2879 comparari

229 2911 365 2990 possunt
386 2904 498 2988 verba,
530 2923 614 2986 quae
642 2901 685 2966 ad
718 2901 849 2968 eosdem
871 2901 946 2966 illos
978 2901 1152 2986 populares
1185 2907 1340 2987 spectant

231 3016 282 3097 28,
307 3009 436 3077 13111
467 3015 516 3098 μὲν
563 3010 779 3094 ἐλευθερίας
806 3013 858 3073 καί
884 3018 935 3074 τοῦ
963 3010 1104 3074 δικαίου
1131 3008 1342 3095 ἐπιθυμοῦντες

229 3122 282 3184 καὶ
304 3119 372 3190 τοὺς
393 3124 525 3204 νόμους
551 3115 665 3203 ἰσχίυειν
693 3119 864 3202 βουλόμενοι
895 3121 954 3183 eto.
1005 3117 1111 3198 Atque
1143 3134 1239 3198 quam
1272 3121 1342 3180 arte

229 3224 291 3290 hae
313 3222 448 3289 virtutes
475 3223 608 3308 imperio
636 3223 784 3308 populari
813 3221 968 3288 contineri
1000 3220 1236 3288 existimandae
1268 3222 1341 3306 sint,

231 3330 335 3398 eluoet
364 3351 404 3396 ex
434 3330 594 3396 contrario
629 3329 691 3396 hoe
722 3329 794 3395 1οοο
826 3329 975 3395 eontinuo
1003 3333 1165 3411 sequente.
1212 3328 1279 3394 Sed
1305 3333 1341 3393 ut

229 3457 313 3503 nuno
336 3436 521 3520 singulatim
545 3435 586 3501 de
608 3435 659 3501 his
687 3435 906 3518 similibusque
933 3435 1028 3500 rebus
1058 3433 1216 3519 dieamus,
1245 3454 1340 3518 quam

230 3544 365 3610 acerbus
388 3543 430 3610 sit
458 3550 566 3609 orator
593 3542 820 3635 dominationis
848 3547 1059 3626 eontemptor‚
1091 3561 1185 3624 quam
1219 3540 1336 3606 ardens

229 3649 387 3718 libertatis
410 3649 569 3735 laudator,
593 3649 744 3733 cognosci
758 3655 867 3734 potest
881 3670 921 3715 ex
935 3649 985 3733 iis,
1009 3667 1092 3731 quae
1111 3647 1152 3715 de
1165 3646 1338 3713 maioribus

228 3761 397 3846 praeditat
428 3763 448 3842 ὅ
483 3761 523 3828 18
555 3758 734 3841 ἐκβαλόντες
756 3760 811 3830 τὰς
843 3794 884 3803 -
922 3759 1133 3828 δυναστείας
1155 3757 1340 3840 δημοκρα-

229 3873 305 3933 τίαν
326 3873 541 3954 κατεστήσαντο
555 3862 710 3951 ἡγοίυμενοι
722 3867 774 3950 τἠν
790 3870 925 3929 πάντων
940 3861 1153 3947 ἐλευθερίαν
1171 3858 1341 3947 ὁμόνοιαν

229 3973 300 4041 εἶναι
332 3979 478 4062 μεγίστην.
525 3970 640 4036 Omnia
673 3969 740 4036 fere
772 3968 866 4035 huius
895 3969 1073 4036 sententiae
1100 3968 1259 4033 elementa
1289 3966 1341 4034 his

227 4080 307 4148 10011
329 4080 520 4166 reperimus:
545 4081 597 4163 36,
621 4081 641 4145 6
664 4080 731 4150 τοὺς
755 4079 786 4142 δὲ
808 4083 998 4161 τυράννους
1021 4076 1214 4148 ἐξελάσαντες
1242 4080 1340 4162 κοινην

229 4188 340 4256 ἅπασι
384 4192 436 4274 την
482 4187 694 4271 ἐλευθερίαν
743 4190 946 4270 κατέστησαν,
997 4184 1055 4267 25,
1107 4183 1149 4248 23
1199 4180 1340 4269 ἡγεῖσθαι

230 4299 550 4381 δημοτικωτάτους,
574 4292 673 4365 οἵτινες
687 4289 848 4378 ὁμονοεῖν
870 4288 948 4378 ὑμᾶς
962 4291 1144 4376 βουλόμενοι,
1168 4287 1207 4355 of.
1225 4291 1274 4372 18,
1292 4290 1340 4353 17.

228 4403 327 4467 Porro
352 4401 463 4469 eodem
486 4400 542 4465 illo
565 4398 636 4464 loeo
660 4399 712 4483 25,
735 4399 778 4464 23
802 4404 910 4464 011101
928 4402 1022 4481 putat
1038 4396 1205 4481 popularis
1219 4392 1341 4475 ingenii
