3109 4884
724 341 766 417 δι’)

190 544 341 624 νὲσπερα
377 538 472 605 factis
509 538 653 607 alterius.
716 537 829 622 Neque
864 538 968 603 miuus
1005 541 1026 618 ἕ
1062 539 1106 604 00
1140 538 1303 623 κείρασθαι

192 645 378 713 attributum
400 658 438 734 τῇ
461 644 586 711 Ἑλλάδι
613 644 728 712 fultum
754 644 882 711 videtur
905 646 957 730 33,
978 647 996 710 7
1025 650 1183 732 καιομένην
1206 669 1230 709 π.
1257 641 1302 709 Ἑ.

193 753 315 820 Similis
342 752 481 819 fictionis
508 774 667 838 personae
697 752 911 835 dictionisque
939 755 959 833 ξ
989 754 1006 816 1
1035 750 1055 838 ἡ
1084 755 1169 825 πόλις
1195 774 1303 836 προνο-

193 858 479 948 οοριὲνγ-ἡγοορένη
511 861 564 925 vel
594 860 759 946 ipsissima
790 860 890 925 verba
921 858 1097 944 probantur
1130 861 1181 943 24,
1209 860 1252 925 22
1281 878 1305 923 ο.

194 965 280 1043 Quid
307 968 409 1034 vero?
440 965 599 1052 hospites,
628 967 782 1050 quisine
810 965 917 1033 studio
946 965 996 1031 sui
1024 963 1181 1032 commodi
1209 963 1306 1030 Athe-

193 1073 358 1140 niensibus
381 1073 536 1140 auxilium
558 1074 712 1159 tulerunt,
741 1077 761 1154 ξ
785 1076 827 1141 66
850 1072 1058 1159 perhibentur
1080 1073 1232 1158 πατρίδα
1254 1075 1306 1158 τὴν

194 1181 302 1266 ἀρετὴν
335 1178 569 1267 ἡγησάμενοι.
615 1181 658 1245 At
690 1182 785 1265 31,6
819 1179 906 1246 cives
937 1178 1016 1244 mali
1047 1184 1144 1262 atquc
1176 1177 1308 1243 nimium

193 1287 282 1353 lucro
311 1288 487 1353 servientes
516 1287 690 1354 communis
721 1287 769 1353 rei
800 1287 950 1372 publicae
984 1285 1098 1352 salutis
1126 1285 1308 1372 proditores

193 1393 376 1459 iudicantur
412 1394 489 1460 dicti
524 1414 588 1460 non
625 1394 801 1479 civitatem,
838 1393 898 1485 sed
930 1398 981 1479 πίγν
1017 1391 1118 1459 ebetat
1155 1394 1308 1477 πατρίδα

195 1498 375 1587 ἡγεῖσθαι.
421 1501 569 1585 Denique
591 1522 655 1567 non
677 1502 783 1585 magis
805 1503 903 1584 vulgo
926 1500 1049 1566 usitata
1072 1518 1168 1583 quam
1188 1498 1308 1584 Lysiae

197 1606 327 1691 quidem
349 1608 481 1693 propria
512 1607 640 1675 videtur
668 1629 740 1675 esse
764 1607 1002 1673 circumlocutio
1030 1609 1158 1694 ἔστησαν
1180 1612 1309 1691 τρόπαια

199 1715 272 1800 (τῶν
294 1715 461 1802 πολεμίων)
484 1719 504 1797 ἐ
528 1717 579 1784 25.
603 1720 623 1798 ξ
646 1719 698 1783 53.
721 1719 742 1797 ξ
765 1719 817 1783 63.
844 1718 892 1800 18,
916 1717 945 1781 3.
969 1717 1020 1799 34,
1046 1716 1095 1798 10,
1122 1713 1200 1780 item
1221 1713 1310 1780 varie

197 1821 388 1887 translatum
410 1842 526 1887 nomen
550 1829 582 1888 et
604 1822 723 1888 locutio
747 1821 834 1888 ἆθλα
858 1824 961 1905 λαβεῖν
984 1823 1004 1901 ἓ
1026 1822 1075 1887 10.
1099 1823 1118 1900 ξ
1138 1822 1189 1886 35.
1216 1824 1243 1904 1,
1258 1820 1310 1884 47.

197 1930 315 2013 29,11.
343 1931 395 2013 31,
409 1932 468 2012 32γ
501 1930 539 1995 cf.
568 1931 655 2011 §65
688 1933 786 2014 ἔργοις
810 1929 1031 2016 ἀπελογήσαντο
1065 1947 1136 1993 eum
1159 1929 1246 2011 22,3
1279 1931 1311 1990 et

200 2038 250 2119 14,
266 2037 317 2100 29.
364 2033 458 2112 Quod
482 2056 553 2101 cum
575 2037 608 2101 in
632 2036 798 2122 epitaphio
822 2035 966 2101 floridior
990 2033 1097 2119 dictio,
1121 2034 1311 2116 ubicumque

199 2161 238 2206 ea
261 2138 433 2209 distinctus
457 2150 515 2228 est,
539 2163 559 2208 a
582 2150 688 2210 cetero
709 2163 827 2227 genere
851 2150 937 2208 certe
959 2162 1024 2207 non
1039 2140 1172 2206 nimium
1195 2139 1311 2225 differt,

198 2253 264 2313 tum
286 2269 363 2315 vero
387 2252 560 2319 communis
585 2251 653 2317 eius
677 2251 834 2317 sermonis
861 2270 939 2317 usus
968 2268 1144 2332 sanequam
1173 2247 1311 2314 admira·

197 2353 305 2420 biliter
319 2376 390 2421 cum
399 2357 455 2422 illo
471 2358 625 2441 congruit.
640 2356 706 2423 Sed
716 2358 867 2441 quoniam
880 2354 1108 2442 progrediente
1119 2355 1308 2439 quaestione

198 2460 280 2527 haec
306 2463 508 2546 potissimum
535 2484 587 2530 res
616 2464 697 2530 satis
725 2484 885 2550 superque
914 2462 1027 2547 eluxit,
1059 2462 1121 2528 hoo
1143 2462 1215 2528 loco
1237 2481 1308 2547 per-

198 2588 304 2652 pauca
326 2576 450 2636 tantum
464 2571 625 2654 quaedam
644 2569 814 2656 addantur,
838 2571 927 2637 velut
941 2574 960 2651 ἕ
975 2574 1027 2636 41.
1051 2572 1138 2656 28,9
1162 2569 1309 2641 ἐπέδειξαν

199 2687 286 2742 πᾶσιν
318 2678 489 2764 ἀνθρώποις
521 2677 579 2756 tue
610 2678 685 2745 huic
717 2678 838 2745 similes
871 2676 1029 2744 dictiones
1061 2679 1184 2762 29,13.
1220 2678 1310 2761 18,4

200 2780 270 2868 (12,
289 2783 346 2870 56)
375 2786 469 2868 quasi
496 2787 529 2850 in
555 2806 652 2852 unam
680 2785 869 2852 coniunctae
898 2791 971 2851 sunt
999 2789 1019 2866 ξ
1047 2787 1103 2870 67,
1136 2784 1218 2850 sicut
1245 2803 1309 2848 una

201 2891 256 2974 34,
280 2892 300 2956 5
328 2894 438 2980 ἔρημον
465 2899 629 2981 συμμάχων
658 2897 759 2977 λαβεῖν
786 2892 944 2985 dissoluta
975 2898 1026 2958 est
1052 2892 1085 2957 in
1113 2890 1195 2958 duas
1222 2895 1242 2973 ξ
1266 2893 1307 2957 21

200 2995 225 3061 ἐ.
249 3022 275 3062 ο.
301 3002 431 3080 61831
457 3000 482 3065 ἐ.
507 3004 550 3078 λ.;
574 3004 640 3083 §b
666 3003 781 3085 12,11.
807 3003 914 3085 19,12
937 2999 1049 3065 ἐδέοντο
1073 2997 1169 3066 αὐτῶν
1193 3001 1308 3075 δοῦναι;

201 3099 225 3182 ξ
236 3105 286 3169 23.
303 3107 354 3190 28,
372 3109 411 3172 16
434 3119 488 3194 τῆς
503 3113 650 3193 σωτηρίας
664 3111 751 3194 χάριν
764 3106 882 3184 εἰδὲναι;
906 3110 927 3188 ξ
942 3109 993 3172 62.
1009 3109 1038 3191 3,
1054 3109 1075 3172 9
1098 3105 1310 3194 αἰσχυνόμενος

201 3221 411 3301 τῇσομφοροζα
440 3213 536 3295 852.
563 3215 592 3298 3,
616 3216 657 3279 38
681 3214 1063 3301 ἀπαντήσας-ἐραχόμην;
1091 3217 1112 3295 ξ
1138 3218 1186 3280 14.
1214 3215 1266 3298 34,
1289 3215 1309 3279 6

201 3325 387 3405 μαχομένους
409 3319 607 3408 ἀποθνήσκειν
631 3327 689 3386 eto.

267 3426 522 3494 Anaooluthis
551 3428 689 3512 aliisque
716 3427 967 3513 proprietatibus
997 3428 1215 3511 grammaticis
1244 3426 1309 3513 epi·

202 3532 340 3618 taphius,
363 3539 475 3619 utpote
499 3536 553 3618 qui
577 3536 737 3621 epoetica
752 3534 893 3618 quadam
916 3535 1056 3601 elatione
1070 3540 1167 3619 atque
1190 3535 1310 3619 impetu

202 3640 406 3725 emanaverit,
429 3639 679 3725 haudquaquam
693 3648 790 3707 caret.
835 3640 977 3718 Quarum
991 3641 1151 3725 quaedam
1164 3641 1310 3724 quamvis

203 3746 364 3814 offendere
378 3745 557 3833 videantur,
580 3755 688 3816 tamen
709 3750 794 3815 bunc
817 3750 850 3813 in
864 3749 993 3815 modum
1015 3749 1145 3834 probari
1167 3754 1310 3833 possunt,

202 3858 237 3916 ut
251 3874 355 3938 paene
373 3874 432 3940 pro
447 3853 529 3921 forte
543 3856 670 3921 fcrtrma
685 3856 868 3922 habendum
892 3856 942 3941 sit,
965 3855 1052 3939 quod
1065 3855 1145 3921 talia
1165 3855 1311 3941 exempla

202 3959 235 4023 in
259 3962 388 4048 ceteris,
416 3982 499 4047 quae
523 3969 664 4049 exstant,
691 3963 811 4049 Lysiae
839 3963 1036 4029 orationibus
1065 3962 1191 4028 omnino
1219 3982 1311 4046 prae-

202 4073 292 4133 terea
323 4068 535 4138 inveniuntur.
591 4069 656 4135 Sed
689 4070 817 4136 etiamsi
848 4069 883 4135 id
914 4091 978 4136 non
1008 4069 1105 4156 plane
1137 4070 1184 4134 ita
1216 4075 1311 4154 esset,

204 4174 281 4257 quid
303 4175 365 4240 hae
387 4197 439 4244 res
456 4178 641 4243 auctoritati
664 4177 822 4263 epitaphii
838 4179 1022 4245 obstarent?
1068 4178 1181 4245 Nonne
1203 4177 1311 4263 potius

84 4284 87 4289 '
202 4281 379 4367 putandum
420 4290 469 4349 est
510 4284 653 4368 quemvis
693 4284 896 4370 potissimum
935 4285 1094 4352 rhetorem
1130 4283 1312 4370 asperiores

204 4388 397 4455 offensiones
433 4392 660 4473 grammaticas
697 4392 793 4458 anxie
829 4399 996 4458 cantuum
1031 4390 1153 4460 fuisse?
1205 4389 1312 4468 Quare

1125 4497 1157 4553 3*
