3109 4884
775 301 819 366 26

245 498 436 560 structuram
468 493 673 578 ordinemque
705 496 830 581 attinet,
862 497 939 563 item
970 497 1002 561 in
1036 498 1167 564 exordio
1200 521 1357 584 praenun-

243 600 364 666 tiantur
387 600 520 667 crimina
542 602 597 688 rei,
621 604 675 686 qui
698 603 845 670 oratione
867 603 1133 688 perstringendus
1157 613 1215 672 est

285 709 346 789 §Z
356 712 527 795 τοοαίιτην
539 714 605 795 γὰρ
622 709 772 799 ἀφθονίαν
873 712 922 795 14,
935 713 1156 780 lsaorobaou
1169 717 1225 799 γὰρ
1234 716 1358 802 πολίτην

244 818 463 916 παρεοαείιασεν
487 814 506 903 ἡ
529 820 637 883 τοῦτον
661 817 772 905 ἀρετή·
827 817 931 884 ἑαυτὸν
953 818 985 890 u
1008 817 1109 906 ἀρχῆς
1131 827 1289 908 παρέσχεν,

243 919 332 986 ὥστε
357 959 394 970 -
825 923 916 990 ὥστε
941 961 979 972 -

243 1026 322 1093 obre
343 1033 409 1115 γὰρ
431 1041 487 1116 γῆς
509 1029 625 1116 ἄπειροι
825 1029 863 1097 οὒ
886 1036 952 1117 γὰρ
975 1035 1068 1118 μιαρὰ
1094 1037 1134 1097 τὰ
1156 1032 1356 1122 ἁμαρτήματα

244 1133 323 1202 οὔτε
345 1139 507 1223 θαλάσσης
530 1134 677 1224 οίιδεμιᾱς,
826 1135 904 1204 οὐδὲ
926 1144 1103 1226 συγγνώμης
1125 1138 1287 1212 ἄξια-ἀλλ’

243 1253 419 1330 πανταχοῖ)
443 1246 474 1309 δὲ
495 1250 556 1309 καὶ
578 1249 661 1329 παρὰ
825 1241 917 1309 οὕτω
939 1251 1129 1332 πεπραγμένα
1151 1252 1212 1312 καὶ
1233 1246 1277 1321 εἰς

242 1362 349 1417 πᾶσιν
372 1350 541 1436 ἀνθρώποις
563 1348 591 1416 οἱ
612 1355 652 1417 τὰ
674 1349 771 1418 αὐτῶν
825 1354 1101 1427 τοοοῦτοαααίας
1115 1352 1271 1442 ἀφιγμένα,
1286 1354 1357 1421 ὣστ’

287 1463 505 1532 πενθοῦντες
526 1463 609 1524 aaa&
630 1463 686 1532 τὰς
700 1464 771 1525 τοί)-
869 1456 915 1524 ὲπ’
939 1459 1029 1532 ἐνίας
1052 1458 1094 1528 ὧν
1117 1457 1203 1535 οὗτος
1220 1465 1355 1546 φιλοτι-

286 1588 343 1631 ror
366 1564 475 1652 ἀρετὰς
496 1562 704 1653 ὑμνοῦσινῑ)
870 1577 988 1652 pateus
1002 1568 1072 1641 τοὺς
1085 1566 1355 1656 ἐχθροὺςαίοχίι-

870 1675 1008 1739 vendut.

308 1778 345 1843 In
366 1778 469 1864 primo
493 1778 600 1865 capite
622 1799 675 1846 res
698 1780 740 1846 ab
753 1778 972 1846 Amazonibus
995 1786 1110 1863 gestae
1123 1782 1354 1849 concluduntur

243 1884 459 1970 descriptione
481 1885 591 1952 miseri
605 1905 716 1953 earum
739 1886 854 1972 exitus,
878 1905 962 1970 quae
976 1887 1169 1971 gravitatem
1192 1909 1233 1954 ne
1248 1888 1353 1955 dicam

243 1992 384 2058 dolorem
420 1992 580 2076 quendam
616 1992 772 2078 exprimit
828 1994 930 2061 'l'otus
966 1992 1020 2059 bic
1055 1994 1145 2060 locus
1181 1994 1353 2062 admodum

241 2099 426 2165 memoriam
450 2101 585 2169 suscitat
607 2101 717 2185 gravis
740 2100 828 2168 illius
850 2101 1065 2187 perorationis
1089 2101 1130 2167 de
1153 2102 1351 2170 facinoribus

242 2207 460 2274 Theramenis.
474 2207 538 2275 Sed
550 2207 633 2274 baec
647 2207 823 2274 similitudo
838 2209 873 2273 in
887 2208 994 2275 verbis
1008 2208 1089 2295 ipsis
1101 2208 1224 2274 culmen
1237 2209 1350 2275 habet:

242 2318 297 2397 §6
316 2312 407 2380 abaco
430 2319 486 2401 γὰρ
508 2315 757 2382 ἀποθανοῦσαι
780 2321 840 2381 καὶ
863 2318 987 2383 δοῦσαι
1010 2317 1111 2403 δίκην
1133 2328 1188 2402 τῆς
1212 2314 1348 2394 ἀνοίας,

245 2425 294 2508 12,
311 2424 351 2488 78
374 2418 432 2510 οίιχ
453 2418 524 2508 ὑπὲρ
546 2419 627 2510 ὑμῶν
651 2422 900 2498 ἀποθανόντος
922 2423 966 2508 Θ,
990 2422 1055 2488 ἀλλ’
1076 2418 1146 2507 ὑπὲρ
1168 2434 1224 2509 τῆς
1247 2422 1352 2487 ἑαυτοῦ

243 2529 415 2615 πονηρίας
437 2533 498 2595 καὶ
511 2568 527 2580 -
541 2530 647 2616 δίκην
669 2532 804 2623 δόντος.
837 2530 982 2615 Utraque
995 2528 1109 2595 harum
1124 2529 1353 2595 sententiarum

244 2634 449 2718 singulariter
479 2635 512 2701 in
544 2657 602 2703 suo
634 2656 752 2719 genere
784 2635 911 2704 videtur
947 2656 1021 2703 esse
1054 2636 1157 2721 elata,
1193 2641 1290 2719 atque
1322 2635 1350 2702 si

246 2741 535 2810 Rauobensteinius
566 2742 655 2809 illum
691 2744 828 2809 alterum
861 2743 967 2809 locum
998 2741 1141 2809 terribile
1177 2741 1354 2828 appellavit

244 2848 383 2932 elogium
415 2849 624 2915 Theramenis
663 2849 809 2935 sepulcro
846 2850 1051 2936 inscriptum,
1087 2848 1170 2915 baec
1197 2847 1353 2935 epitaphii

245 2956 404 3023 sententia
432 2956 572 3040 elogium
598 2977 674 3023 vere
702 2957 886 3024 miserabile
915 2956 980 3023 dici
1007 2961 1116 3042 potest
1136 2955 1353 3022 Amazonibus

244 3063 278 3128 in
307 3063 453 3149 sepulcro
482 3063 644 3149 scriptum.
691 3062 818 3151 Quippe
847 3066 930 3132 enim
957 3064 1016 3129 illa
1038 3064 1206 3130 verborum
1232 3062 1353 3128 iunctio

245 3190 345 3255 grave
368 3168 521 3254 quiddam
542 3170 641 3237 habet
653 3172 847 3256 nimiumque
860 3177 1014 3256 quantum
1036 3170 1081 3235 ad
1094 3166 1354 3254 amplificandum

243 3278 340 3362 valet,
362 3277 469 3362 οί28,
488 3282 502 3343 1
520 3280 665 3352 πολλάκις
688 3279 882 3346 ἀποθανὼν
906 3280 1027 3344 δοῦναι
1051 3277 1153 3363 δίκην
1177 3274 1273 3348 ἀξίαν.
1310 3276 1355 3342 Ut

244 3390 351 3451 autem
373 3384 461 3450 lacta
483 3383 644 3450 hominum
668 3406 764 3469 quam
786 3385 960 3452 fortissime
982 3390 1072 3451 notet
1094 3389 1192 3466 atque
1214 3382 1354 3449 illustret

245 3500 359 3566 orator,
384 3512 446 3575 quo
461 3491 583 3575 ingenii
606 3497 656 3559 est
670 3493 825 3578 acumine,
847 3511 1054 3576 magnacum
1067 3488 1195 3556 dicendi
1210 3488 1354 3556 sollertia

246 3606 279 3665 et
301 3598 441 3666 utilitate
463 3599 703 3685 comparatione
726 3599 825 3665 utitur
848 3620 919 3666 oum
937 3598 1085 3685 personis
1107 3598 1160 3664 vel
1182 3598 1287 3681 rebus,
1310 3595 1354 3660 ad

245 3726 326 3791 quas
349 3705 472 3790 aliquid
495 3706 688 3772 contrarium
710 3706 857 3792 pertinet,
879 3705 968 3772 velut
990 3704 1058 3770 fere
1084 3708 1132 3791 12,
1156 3706 1207 3789 36,
1231 3704 1283 3786 63,
1299 3704 1353 3769 81.

245 3816 297 3898 28,
332 3815 381 3880 14.
422 3814 473 3899 30,
505 3815 557 3880 28.
598 3815 650 3897 31,
678 3815 729 3879 29.
788 3812 909 3879 Multae
950 3810 1079 3896 quidem
1120 3830 1199 3877 sane
1243 3808 1355 3874 talium

247 3941 352 3988 rerum
383 3926 457 3986 sunt
488 3920 625 3986 acerbae
651 3919 809 3989 irrisionis
832 3918 1030 3987 efficiendae.
1074 3919 1118 3984 At
1140 3916 1169 3983 si
1191 3936 1355 4002 compara-

246 4027 342 4094 tionis
375 4031 395 4109 ξ
421 4030 461 4093 16
493 4026 686 4093 sententiam
708 4034 839 4113 spectas
861 4028 974 4113 ipsam,
1005 4045 1110 4092 nonne
1133 4044 1205 4089 eam
1239 4025 1354 4108 14,18

247 4135 340 4219 quasi
372 4132 540 4200 disiectam
572 4141 670 4217 atque
702 4135 736 4200 in
766 4135 925 4222 triplicem
956 4133 1119 4219 quandam
1150 4130 1355 4197 collationem

319 4276 340 4345 ¹)
359 4275 518 4341 Simonides,
545 4277 612 4343 Pug.
641 4295 684 4347 ap.
713 4279 817 4333 Artem.
843 4296 870 4331 v.
893 4281 910 4333 3
936 4276 1050 4346 (Bergk,
1078 4275 1152 4330 Poet-
1176 4274 1226 4343 lyr.
1250 4272 1298 4327 Gr.
1315 4271 1356 4326 111

246 4384 273 4435 p.
292 4363 367 4433 388):
386 4361 400 4414 b
418 4362 440 4415 δ’
459 4356 540 4423 alanne,
559 4361 664 4426 ἔπαινος.
784 4444 790 4451 ¹
