3109 4884
705 402 745 468 19

167 628 217 690 πρ.
240 606 278 687 β,
304 603 353 686 12,
377 601 420 668 85
443 598 473 686 ἡ.
502 602 529 683 β.
574 598 637 663 Illa
664 604 771 664 autem
799 595 918 662 iniuria
946 594 1072 661 affectis
1101 591 1282 679 opitulandi

168 710 252 776 ratio
288 710 493 777 confirmatur
527 705 646 774 ibidem
679 708 736 792 34,
770 707 812 772 10
843 710 876 770 τὸ
914 706 1027 769 δίκαιον
1059 707 1134 791 μετὰ
1164 714 1222 768 τῶν
1253 702 1282 766 ἀ

171 820 303 897 ἔσεσθαι,
327 817 361 882 in
385 836 449 899 qua
471 835 507 881 re
529 814 638 899 posita
666 820 716 880 est
739 811 838 878 dictio
867 810 1101 893 translatisque
1128 813 1149 892 ξ
1183 813 1224 876 10
1249 814 1283 874 τὸ

169 927 281 990 δίκαιον
304 923 422 1011 ἔχοντες
445 925 612 1009 σι’)μμαχον.
659 921 710 986 De
733 917 898 1003 aequabili
924 916 977 983 vel
1005 915 1203 999 inaequabili
1229 917 1285 982 be·

168 1051 281 1095 uorum
303 1028 508 1095 fruendorum
532 1033 565 1094 et
586 1028 742 1093 malorum
756 1025 959 1094 ferendorum
981 1025 1066 1091 inter
1087 1045 1123 1091 se
1138 1044 1284 1109 compen·

171 1137 296 1203 satione
328 1136 414 1202 duae
446 1135 626 1202 sententiae
658 1134 743 1201 binis
780 1134 887 1201 verbis
925 1133 986 1199 sibi
1017 1131 1284 1218 respondentibus

172 1244 266 1326 quasi
288 1244 321 1309 in
345 1263 441 1309 unam
457 1242 646 1309 coniunctae
661 1247 748 1309 sunt:
772 1245 793 1321 ἓ
819 1244 860 1308 ‘16
883 1253 940 1328 τής
962 1246 1015 1328 μὲν
1038 1244 1151 1306 τυότυν
1174 1239 1286 1327 ἀρετής

168 1355 204 1415 τὸ
232 1350 298 1416 ἴσον
330 1361 393 1423 τοῖς
423 1349 530 1423 ἀλλοις
560 1348 785 1433 ἀπέλαυσαν,
818 1347 1089 1424 ἀποθανόντωνδὲ
1121 1353 1206 1434 μόνοι
1228 1359 1286 1434 τής

171 1455 334 1544 δυστυχίας
375 1462 605 1544 μετέχουσιν,
649 1460 669 1539 ὅ
701 1457 745 1523 43
786 1452 959 1543 εὐτυχίαν
995 1452 1182 1541 ὁμονοοῦσαν
1218 1465 1284 1527 τοῖς

170 1565 344 1637 κινδόνοις
366 1564 544 1651 ἐκτήσαντο,
570 1565 620 1648 18,
647 1566 687 1629 19
710 1567 773 1629 νυνὶ
796 1571 858 1628 τῶν
885 1573 941 1649 τής
963 1562 1080 1634 πόλεως
1105 1558 1284 1647 εότυχιῶν

171 1668 433 1747 ἀπολαίιοντες,
474 1670 541 1736 ἀλλ’
575 1668 609 1735 ob
645 1675 792 1755 πρότερον
829 1676 890 1734 τῶν
928 1666 1078 1755 δμετὲριυν
1113 1669 1285 1734 κινδόνυιν

170 1782 402 1863 μετέχοντες.
448 1776 496 1841 Ex
519 1776 582 1841 hae
605 1782 713 1842 autem
741 1775 867 1841 ratione
890 1773 1032 1839 exoritur
1055 1773 1196 1840 officium
1219 1793 1285 1859 eos,

170 1883 224 1965 qui
247 1882 288 1950 de
311 1884 431 1970 populo
455 1883 566 1966 aliqua
593 1903 629 1948 re
656 1883 738 1948 bene
765 1881 870 1948 meriti
899 1881 976 1959 sint,
1000 1880 1113 1946 merito
1141 1881 1284 1965 praemio

168 1990 413 2075 remunerandi,
448 1988 640 2075 praesertim
676 1989 704 2054 si
741 1995 816 2053 sunt
852 1986 1014 2072 peregrini
1045 1986 1098 2052 vel
1128 1987 1286 2073 inquilini,

171 2097 290 2182 quippe
314 2117 447 2180 quorum
464 2098 498 2162 in
516 2115 647 2161 numero
661 2094 781 2180 Lysias
795 2092 891 2160 fuerit
913 2094 999 2178 ipse:
1024 2097 1044 2174 ξ
1059 2096 1102 2161 66
1117 2108 1160 2180 τῷ
1175 2098 1286 2183 πλήθει

171 2201 426 2292 βοήθήσαήτες
439 2205 499 2288 (se.
514 2202 603 2287 ξένοι)
618 2201 718 2268 -ἀνθ’
731 2201 774 2268 ὧν
797 2199 817 2288 ἡ
832 2204 936 2275 πόλις
949 2203 1059 2267 ἔδωκεν
1074 2203 1154 2289 ἔχειν
1169 2198 1287 2274 αὐτοῖς·

169 2313 226 2382 τὰς
248 2307 344 2383 αίιτάς
365 2315 473 2397 τιμάς
494 2321 558 2384 τοῖς
580 2310 693 2387 ἀστοῖς,
717 2311 770 2394 31,
794 2310 837 2374 29
860 2310 930 2380 τοὺς
952 2309 1110 2395 μετοίκους
1133 2313 1199 2395 μέν,
1223 2306 1286 2372 δτι-

171 2414 381 2500 ἐβοήθησαν
404 2429 447 2499 tq>
469 2419 567 2502 δήμῳ,
589 2417 789 2502 ἐτιμήσατε
812 2414 902 2488 ἀξίοις
924 2427 980 2501 τής
1002 2417 1128 2488 πόλεως.
1174 2415 1217 2480 Δί
1239 2413 1286 2479 di-

173 2517 266 2583 cendi
289 2518 419 2602 quidem
441 2520 567 2586 ratione
589 2519 652 2586 hue
674 2521 773 2587 etiam
791 2522 923 2606 propius
946 2521 1105 2587 accedunt
1128 2541 1176 2606 ea,
1201 2541 1284 2606 quae

172 2622 213 2690 de
236 2624 377 2692 faotione
399 2626 524 2691 urbana
547 2624 634 2692 dieta
658 2634 732 2693 sunt
754 2630 807 2706 26,
832 2632 875 2695 20
897 2627 980 2694 ἀντὶ
1002 2632 1117 2696 τουτων
1140 2626 1249 2702 αὐτοὺς
1267 2627 1284 2694 δ

171 2731 265 2818 δήμος
279 2732 335 2815 (ib.
348 2735 387 2798 17
402 2731 547 2819 ἡπόλις)
561 2744 628 2806 ταῖς
642 2734 796 2821 μεγίσταις
809 2746 933 2822 τιμαῖς
945 2736 1114 2823 τετίμηκεν,
1130 2735 1169 2802 ef.
1180 2738 1232 2822 24,
1242 2739 1284 2803 22

171 2840 350 2923 μεταλαβεῖν
381 2842 501 2905 ἔδυνεν.
546 2840 674 2906 Pariter
706 2840 805 2906 iidem
835 2840 884 2905 illi
915 2841 1089 2927 ptpulares
1122 2845 1210 2922 §66
1242 2844 1284 2909 ab

171 2944 317 3011 omuibus
340 2943 520 3012 hominibus
541 2946 631 3012 beati
659 2937 842 3031 praedie'ari
869 2954 1040 3012 narrantur
1071 2950 1118 3012 διὰ
1149 2950 1219 3023 τοὺς
1251 2948 1284 3016 ἐν

171 3049 303 3138 Πειραιεῖ
337 3055 497 3126 κινδόνους.
551 3053 670 3118 Verum
701 3056 758 3137 26,
795 3054 838 3118 33
874 3052 1018 3138 quidam,
1054 3074 1284 3139 quamcumque

169 3159 278 3245 uelint7
287 3159 451 3226 licentiam
467 3158 530 3225 sibi
543 3178 709 3225 assumere
724 3157 871 3223 dicuntur
880 3162 929 3224 διὰ
942 3162 1008 3232 τοὺς
1022 3169 1081 3226 τῶν
1094 3160 1130 3225 ἐκ
1138 3161 1285 3248 Πειραιῶς

171 3269 328 3340 κινδόνοος.
367 3265 504 3333 Omnino
522 3266 625 3332 virtus
648 3275 775 3331 oratore
789 3264 896 3330 iudice
909 3266 991 3330 tanti
1007 3267 1210 3335 aestimanda
1224 3277 1282 3356 est

171 3379 206 3438 ut
229 3374 298 3439 eius
320 3375 427 3457 gratia
450 3379 518 3439 tam
540 3373 636 3439 amici
658 3372 778 3439 honore
802 3375 823 3454 ξ
841 3373 891 3455 15,
918 3392 1014 3456 quam
1034 3374 1156 3440 inimici
1177 3395 1283 3461 poena

172 3478 355 3545 afficiantur
379 3483 430 3566 12,
454 3482 507 3565 36,
530 3482 583 3547 60.
627 3479 771 3546 Alterum
794 3477 939 3544 iustitiae
967 3480 1060 3563 quasi
1087 3500 1201 3548 munus
1227 3503 1282 3569 po-

171 3588 267 3653 situm
290 3605 363 3653 esse
386 3586 492 3653 dicam
515 3587 549 3652 in
571 3586 627 3652 illo
650 3586 758 3671 eapite
773 3585 967 3651 Graecorum
981 3584 1206 3672 philosophiae
1217 3609 1283 3655 mo·

170 3695 257 3779 ralis,
280 3700 316 3760 ut
338 3713 431 3759 suum
454 3694 569 3778 auique
592 3693 759 3760 tribuatur.
805 3691 897 3769 Quae
925 3691 1061 3777 simplex
1083 3694 1171 3759 notio
1195 3696 1283 3781 apud

172 3797 312 3881 Lysiam
325 3800 513 3886 plerumque
535 3801 570 3866 in
593 3801 728 3868 formam
751 3799 901 3866 antitheti
929 3798 1087 3883 redigitur
1112 3807 1209 3884 atque
1236 3802 1283 3868 ita

172 3903 311 3991 effertur,
332 3915 368 3974 ut
390 3907 552 3974 contraria
574 3907 628 3973 vel
655 3914 765 3973 mutua
793 3904 953 3990 quaedam
980 3905 1063 3971 ratio
1090 3905 1174 3972 inter
1205 3928 1282 3975 suas

174 4011 328 4095 cuiusque
360 4021 393 4080 et
423 4014 559 4081 aliarum
581 4033 634 4081 res
667 4013 863 4080 intercedat:
897 4015 917 4093 ξ
941 4014 962 4079 6
992 4025 1055 4098 τῆς
1090 4012 1282 4100 ἀλλοτρίας

171 4119 284 4191 ἀδίκως
305 4118 579 4210 ἐπιθυμήσασαι
600 4126 654 4208 τήν
676 4118 769 4187 αὑτῶν
789 4123 908 4194 δικαίως
922 4119 1089 4197 ἀπώλεσαν,
1112 4121 1201 4199 33,6
1220 4134 1282 4210 τής

171 4227 370 4311 ἀλλοτρίας
392 4229 660 4317 ἐπιθυμοῦντας
681 4240 735 4316 τής
757 4233 899 4318 σφετέρας
921 4228 1188 4314 ἐστερήσθαι,υιικ
1210 4248 1281 4294 euin

171 4334 286 4416 quibus
318 4333 425 4400 verbis
456 4336 537 4402 illud
574 4335 731 4421 epitaphii
771 4334 886 4400 mirum
921 4334 955 4400 in
989 4332 1118 4400 modum
1153 4335 1282 4421 supplet

171 4440 285 4509 similis
308 4442 436 4525 generis
451 4443 610 4510 sententia
632 4444 669 4510 fr.
695 4446 745 4525 16,
762 4447 783 4511 2
799 4441 1002 4528 oppositione
1025 4442 1279 4518 ἀδίκως-δικαίας.

1087 4550 1119 4607 2*
