3109 4884
215 567 288 613 esse
311 544 521 612 iureiurando
545 551 576 611 et
598 550 696 629 paota
720 563 859 627 servare,
882 543 1001 628 quippe
1024 562 1108 625 qnae
1132 549 1163 609 et
1187 544 1328 610 civitatis

215 654 304 721 salus
327 654 370 720 sit
402 651 683 737 praestantissima
715 658 748 716 et
780 648 1038 715 adversariorum
1069 649 1148 714 ultio
1180 651 1329 734 maxima,

215 759 333 826 ibidem
354 779 431 824 vero
463 761 503 825 28
531 757 592 823 has
624 778 676 823 res
703 756 932 822 Piraeensibus
962 755 1132 822 vinditans
1160 756 1328 842 popularis

215 867 340 952 imperii
363 869 500 954 φυλακὴν
523 863 677 950 appellat.
721 864 765 927 At
788 866 809 943 ξ
832 866 874 928 62
898 862 956 927 illa
983 862 1192 929 iuraiuranda
1218 870 1328 948 paeta-

215 996 277 1058 que
315 973 411 1039 simili
447 970 658 1038 translatione
691 969 865 1036 eorundem
900 969 1121 1036 Piraeensium
1153 976 1329 1059 συμμάχους

217 1080 304 1145 dioit.
350 1079 427 1144 Cum
460 1084 568 1144 autem
595 1076 840 1143 Atheniensium
870 1076 981 1162 populi
1007 1083 1155 1162 potestas
1185 1077 1329 1142 nonnihil

217 1186 350 1271 imperio
373 1184 533 1249 maritimo
557 1182 761 1266 foederisque
785 1183 944 1249 sociorum
957 1183 1139 1269 principatu
1154 1184 1330 1250 continere·

215 1300 275 1377 tur,
299 1299 408 1357 orator
429 1290 580 1375 habehat,
604 1311 660 1355 our
673 1290 748 1355 huie
770 1290 817 1355 rei
831 1310 982 1374 magnum
997 1289 1124 1375 pondus
1138 1311 1179 1356 ae
1192 1312 1329 1356 momen·

216 1405 284 1463 tum
315 1397 511 1464 attribueret.
567 1396 673 1480 Atque
707 1404 739 1462 et
776 1400 797 1479 ὅ
829 1399 872 1462 45
906 1404 939 1463 et
974 1400 1026 1482 33,
1061 1400 1081 1463 ί)
1113 1397 1329 1483 praedicatur,

217 1511 369 1587 quantum
398 1503 567 1590 imperium
598 1503 792 1569 maritimum
820 1503 930 1570 valeat
962 1503 1006 1569 ad
1038 1525 1193 1570 summam
1224 1524 1330 1572 rerum

215 1610 371 1677 adversus
402 1612 573 1677 Persarum
603 1631 712 1694 regem
743 1610 959 1677 obtinendam.
1017 1612 1143 1677 Pariter
1171 1612 1329 1678 soeiorum

211 1718 305 1784 salus
337 1725 369 1783 et
395 1717 639 1784 Atheniensium
666 1717 813 1802 potentia
844 1718 1018 1803 populique
1050 1719 1218 1803 imperium
1248 1719 1331 1784 inter

216 1845 252 1891 se
275 1845 419 1903 connexa
434 1825 616 1908 cogitantur
639 1827 727 1905 556.
759 1827 812 1908 34,
826 1829 857 1890 4.
898 1824 937 1891 ef.
955 1827 1004 1909 14,
1020 1827 1072 1890 34.
1108 1826 1145 1890 In
1159 1824 1330 1891 Athenien-

217 1932 299 1998 sium
321 1933 418 1997 rebus
442 1931 545 2015 gestis
569 1929 742 1997 laudandis
766 1937 875 1996 orator
891 1931 1030 1997 maxime
1044 1931 1221 2016 praedicat,
1244 1931 1331 2016 quod

216 2058 274 2123 pro
299 2045 332 2103 et
353 2058 433 2123 prae
456 2038 572 2104 oeteris
596 2037 730 2104 Graeois
753 2039 899 2104 omnibus
924 2038 1105 2105 libertatem
1129 2038 1331 2106 defenderint

217 2151 315 2228 atque
328 2145 601 2230 recuperaverint:
617 2148 637 2226 ξ
653 2147 696 2212 20
711 2151 793 2232 μόνοι
815 2149 872 2230 γὰρ
895 2142 966 2231 ὑπὲρ
981 2144 1104 2233 ἁπάσης
1117 2159 1171 2234 τῆς
1184 2145 1331 2221 Ἑλλάδος

216 2288 258 2298 -—
283 2254 586 2329 διεκινδυνευοαν,
610 2255 631 2333 ξ
654 2255 697 2318 42
719 2255 884 2325 κίνδυνος
910 2250 994 2337 ὑπὲρ
1023 2266 1087 2339 τῆς
1113 2265 1178 2319 τῶν
1205 2252 1330 2342 ‘Estq-

215 2383 280 2424 νων
303 2359 532 2444 ἐλευθερίας,
557 2362 609 2444 34,
625 2362 664 2426 11
680 2364 733 2425 καὶ
746 2357 834 2445 ὑπὲρ
858 2372 911 2448 τῆς
927 2373 982 2426 τῶν
996 2360 1096 2427 ἄλλων
1115 2361 1331 2447 ἐλευθερίας

216 2462 394 2561 εΕλλήνων
421 2468 694 2532 διευινδυνευον.
749 2467 849 2532 Porro
886 2473 994 2532 orator
1030 2469 1086 2551 3⁴3,
1119 2470 1139 2534 6
1167 2467 1331 2535 auditores

216 2589 293 2635 suos
316 2570 404 2636 iubet
426 2574 507 2645 τοὺς
529 2579 726 2657 προγόνους
750 2579 951 2660 μιμεῖσθαι,
975 2575 1004 2638 οἳ
1025 2610 1067 2620 -
1090 2578 1210 2660 κοινὴν
1239 2574 1331 2639 ἅπασι

215 2679 278 2762 τὴν
302 2675 513 2763 ἐλευθερίαν
536 2684 729 2766 κατέοπροαν,
752 2678 851 2763 idque
874 2681 996 2746 iussum
1019 2681 1112 2764 quasi
1131 2701 1152 2746 a
1170 2682 1331 2767 populari·

215 2783 275 2848 bus
298 2782 364 2849 illis
386 2783 455 2850 fieri
479 2784 565 2870 facit,
593 2805 664 2851 oum
688 2784 728 2851 de
756 2785 797 2851 iis
826 2786 924 2871 paulo
960 2787 1105 2854 ornatius
1137 2787 1216 2854 dieit
1247 2790 1264 2870 ξ
1288 2794 1327 2855 61

215 2887 322 2975 ἀρετὴν
347 2902 403 2957 τῶν
429 2899 611 2976 προγόνων
643 2898 880 2980 μιμησάμενοι
917 2906 981 2967 ταῖς
1013 2891 1107 2960 αὑτῶν
1138 2901 1246 2982 ψυχαῖς
1278 2901 1331 2983 τὴν

217 2999 301 3062 πόλιν
323 3001 376 3061 καὶ
398 3008 458 3070 τοῖς
480 2998 582 3072 ἄλλοις
604 3006 790 3086 κτροάρενοι.
831 2998 896 3064 Sed
910 3019 982 3065 oum
997 2999 1099 3066 altero
1113 3001 1230 3086 prioris
1243 3001 1330 3080 illius

216 3102 396 3168 sententiae
428 3104 568 3169 membro
600 3105 707 3170 verbis
739 3103 869 3187 quidem
900 3106 1005 3189 magis
1038 3108 1185 3190 congruit
1220 3128 1330 3175 rursus

216 3211 236 3287 ἓ
267 3210 311 3273 44
347 3214 472 3296 κοινὴν
511 3214 573 3296 τὴν
597 3210 810 3296 ἐλευθερίαν
840 3217 893 3277 καί
924 3225 985 3287 τοῖς
1022 3212 1125 3287 ἄλλοις
1157 3213 1328 3301 ἐκτήσαντο.

217 3313 336 3380 Contra
364 3315 405 3381 de
432 3317 497 3383 illis
527 3317 655 3402 patriae
683 3317 908 3386 liberatoribus
938 3323 989 3405 31,
1022 3323 1074 3404 32,
1101 3320 1330 3405 praedicantur

216 3419 395 3487 elaboraret
418 3423 539 3507 ἀγῶνες,
564 3424 618 3509 qui
642 3424 769 3491 omnino
793 3424 836 3490 ad
859 3424 1073 3493 Athenienses
1097 3427 1138 3493 de
1161 3428 1330 3494 liberanda

217 3525 356 3591 Graeoia
378 3529 556 3597 referuntur
579 3535 600 3612 ξ
623 3532 674 3598 55.
720 3531 822 3597 Iidem
844 3532 878 3596 hi
901 3536 921 3613 ξ
947 3536 987 3599 18
1016 3532 1224 3618 perhibentur
1246 3556 1329 3601 oom-

215 3633 432 3701 munioavisse
453 3641 506 3711 τὰς
528 3636 563 3702 ἐκ
585 3650 641 3704 τῶν
664 3641 799 3705 κίνδυνον
823 3638 956 3717 ἐλπίδας,
980 3640 1100 3726 quippe
1123 3641 1330 3725 quodetiam

218 3738 343 3805 dioatur
365 3742 439 3826 34‚9
462 3741 479 3806 ὁ
501 3747 631 3818 κίνδυνος
654 3744 717 3832 ἔχει
739 3750 795 3818 τὰς
816 3745 948 3819 ἐλπίδας.
989 3747 1111 3814 Rursus
1125 3748 1329 3830 quemadmo-

219 3843 293 3910 dum
313 3848 455 3931 iungitur
477 3852 498 3930 ξ
521 3851 562 3918 58
586 3849 606 3938 ἡ
630 3855 749 3938 δίναρις
770 3853 806 3940 ἦν
829 3859 966 3940 σωτηρία,
990 3854 1038 3920 sie
1060 3855 1196 3939 legimus
1222 3859 1329 3942 12,14

215 3960 371 4041 παράσχου
394 3961 446 4043 τὴν
470 3958 586 4044 δίνναρυν
608 3956 650 4032 είς
675 3964 729 4045 τὴν
760 3965 904 4047 σωτηρίαν
933 3967 966 4026 et
996 3964 1056 4046 27,
1086 3965 1106 4028 6
1133 3974 1170 4048 τῇ
1199 3966 1224 4028 δ.
1253 3963 1329 4028 ἐσω-

217 4061 324 4145 θηοαν.
370 4061 441 4139 Quo
464 4069 572 4129 autem
594 4065 718 4150 turpius
741 4065 869 4132 videtur
896 4087 971 4134 esse
1003 4068 1122 4134 oratori
1154 4069 1328 4137 maioribus

218 4165 316 4232 etiam
346 4189 404 4252 pro
436 4177 612 4238 oeterorum
649 4170 844 4239 Graecorum
878 4174 1027 4241 libertate
1059 4175 1251 4260 periclitatis
1286 4176 1327 4242 de

218 4292 277 4338 sua
299 4274 402 4358 ipsius
425 4297 489 4343 nou
512 4278 632 4345 audere
656 4278 820 4346 debellare
844 4283 895 4365 34,
922 4286 971 4367 11,
995 4301 1033 4346 eo
1058 4281 1205 4348 decorius
1229 4283 1257 4348 ei
1282 4283 1327 4348 vi-

217 4377 332 4445 deatur
362 4401 495 4449 neeesse
528 4392 578 4452 est
608 4406 672 4451 non
704 4387 808 4453 solum
839 4386 880 4452 de
914 4407 973 4452 sna
1006 4387 1111 4453 salute
1142 4389 1327 4474 periclitari,
