<?xml version="1.0" encoding="UTF-8"?>
<!DOCTYPE html PUBLIC "-//W3C//DTD XHTML 1.0 Transitional//EN"
    "http://www.w3.org/TR/xhtml1/DTD/xhtml1-transitional.dtd">
<html xmlns="http://www.w3.org/1999/xhtml" xml:lang="en" lang="en">
 <head>
  <title>
</title>
<meta http-equiv="Content-Type" content="text/html;charset=utf-8" />
  <meta name='ocr-system' content='tesseract 3.04.00' />
  <meta name='ocr-capabilities' content='ocr_page ocr_carea ocr_par ocr_line ocrx_word'/>
</head>
<body>
  <div class='ocr_page' id='page_1' title='image "./delysiaeepitaph00thomgoog_0030.png"; bbox 0 0 3109 4884; ppageno 0'>
   <div class='ocr_carea' id='block_1_1' title="bbox 721 377 933 473">
    <p class='ocr_par' dir='ltr' id='par_1_1' title="bbox 721 377 933 473">
     <span class='ocr_line' id='line_1_1' title="bbox 721 377 933 473; baseline 0.005 -1"><span class='ocrx_word' id='word_1_1' title='bbox 721 377 933 473; x_wconf 41' lang='lat'>*30—</span> 
     </span>
    </p>
   </div>
   <div class='ocr_carea' id='block_1_2' title="bbox 266 567 1385 4503">
    <p class='ocr_par' dir='ltr' id='par_1_2' title="bbox 266 567 1383 2046">
     <span class='ocr_line' id='line_1_2' title="bbox 266 567 1381 659; baseline 0.007 -28"><span class='ocrx_word' id='word_1_2' title='bbox 266 567 375 653; x_wconf 89' lang='lat' dir='ltr'>lpsum</span> <span class='ocrx_word' id='word_1_3' title='bbox 408 568 601 635; x_wconf 87' lang='lat' dir='ltr'>eontrarium</span> <span class='ocrx_word' id='word_1_4' title='bbox 636 590 757 649; x_wconf 90' lang='lat' dir='ltr'>eorum,</span> <span class='ocrx_word' id='word_1_5' title='bbox 787 590 870 653; x_wconf 88' lang='lat' dir='ltr'>quae</span> <span class='ocrx_word' id='word_1_6' title='bbox 898 569 1114 659; x_wconf 84' lang='lat' dir='ltr'>praecedunt,</span> <span class='ocrx_word' id='word_1_7' title='bbox 1135 572 1186 639; x_wconf 89' lang='lat' dir='ltr'>his</span> <span class='ocrx_word' id='word_1_8' title='bbox 1215 571 1381 639; x_wconf 80' lang='lat' dir='ltr'>antithetis</span> 
     </span>
     <span class='ocr_line' id='line_1_3' title="bbox 269 674 1380 765; baseline 0.004 -26"><span class='ocrx_word' id='word_1_9' title='bbox 269 676 468 760; x_wconf 85' lang='lat' dir='ltr'>exprimitur:</span> <span class='ocrx_word' id='word_1_10' title='bbox 515 679 602 757; x_wconf 72' lang='lat'>§56</span> <span class='ocrx_word' id='word_1_11' title='bbox 626 674 735 743; x_wconf 72' lang='lat' dir='ltr'>odaia</span> <span class='ocrx_word' id='word_1_12' title='bbox 762 689 830 742; x_wconf 79' lang='grc' dir='ltr'>σῶν</span> <span class='ocrx_word' id='word_1_13' title='bbox 862 677 1060 763; x_wconf 79' lang='grc' dir='ltr'><strong>ἀλλοτρίων</strong></span> <span class='ocrx_word' id='word_1_14' title='bbox 1090 679 1278 765; x_wconf 61' lang='lat' dir='ltr'>crecope,</span> <span class='ocrx_word' id='word_1_15' title='bbox 1311 677 1380 745; x_wconf 71' lang='lat' dir='ltr'>att?</span> 
     </span>
     <span class='ocr_line' id='line_1_4' title="bbox 267 781 1381 873; baseline 0.006 -27"><span class='ocrx_word' id='word_1_16' title='bbox 267 781 362 849; x_wconf 78' lang='grc' dir='ltr'>ἐδίδου</span> <span class='ocrx_word' id='word_1_17' title='bbox 394 795 452 850; x_wconf 83' lang='grc' dir='ltr'>τῶν</span> <span class='ocrx_word' id='word_1_18' title='bbox 484 782 603 859; x_wconf 79' lang='grc' dir='ltr'>ἑαυτοῦ,</span> <span class='ocrx_word' id='word_1_19' title='bbox 628 786 678 868; x_wconf 88' lang='grc'><strong>25,</strong></span> <span class='ocrx_word' id='word_1_20' title='bbox 713 787 845 871; x_wconf 76' lang='grc' dir='ltr'><strong>17-ρὲν</strong></span> <span class='ocrx_word' id='word_1_21' title='bbox 877 789 923 872; x_wconf 82' lang='grc' dir='ltr'>μὴ</span> <span class='ocrx_word' id='word_1_22' title='bbox 956 784 1144 873; x_wconf 78' lang='grc' dir='ltr'>ἐπιθυμεῖν</span> <span class='ocrx_word' id='word_1_23' title='bbox 1171 799 1237 852; x_wconf 81' lang='grc' dir='ltr'>τῶν</span> <span class='ocrx_word' id='word_1_24' title='bbox 1275 787 1381 853; x_wconf 75' lang='grc' dir='ltr'><strong>ἄλλο·</strong></span> 
     </span>
     <span class='ocr_line' id='line_1_5' title="bbox 267 890 1381 978; baseline 0.004 -24"><span class='ocrx_word' id='word_1_25' title='bbox 267 896 385 975; x_wconf 78' lang='grc' dir='ltr'>πρίων,</span> <span class='ocrx_word' id='word_1_26' title='bbox 396 925 412 938; x_wconf 85' lang='grc'>-</span> <span class='ocrx_word' id='word_1_27' title='bbox 422 893 503 956; x_wconf 84' lang='grc' dir='ltr'>δὲτὰ</span> <span class='ocrx_word' id='word_1_28' title='bbox 520 890 590 957; x_wconf 84' lang='grc' dir='ltr'>ὄντα</span> <span class='ocrx_word' id='word_1_29' title='bbox 605 894 769 978; x_wconf 78' lang='grc' dir='ltr'>προδυριυς</span> <span class='ocrx_word' id='word_1_30' title='bbox 784 891 958 957; x_wconf 82' lang='grc' dir='ltr'>ἀναλίσκειν.</span> <span class='ocrx_word' id='word_1_31' title='bbox 982 891 1025 956; x_wconf 84' lang='lat' dir='ltr'>At</span> <span class='ocrx_word' id='word_1_32' title='bbox 1040 891 1193 959; x_wconf 85' lang='lat' dir='ltr'>Isocratis</span> <span class='ocrx_word' id='word_1_33' title='bbox 1216 893 1249 958; x_wconf 90' lang='lat' dir='ltr'>in</span> <span class='ocrx_word' id='word_1_34' title='bbox 1271 892 1381 959; x_wconf 86' lang='lat' dir='ltr'>haere</span> 
     </span>
     <span class='ocr_line' id='line_1_6' title="bbox 272 996 1383 1085; baseline 0.005 -24"><span class='ocrx_word' id='word_1_35' title='bbox 272 997 371 1062; x_wconf 85' lang='lat' dir='ltr'>habet</span> <span class='ocrx_word' id='word_1_36' title='bbox 392 996 579 1082; x_wconf 89' lang='lat' dir='ltr'>plerumque</span> <span class='ocrx_word' id='word_1_37' title='bbox 601 1009 663 1070; x_wconf 85' lang='grc' dir='ltr'>τοῖς</span> <span class='ocrx_word' id='word_1_38' title='bbox 692 997 759 1063; x_wconf 84' lang='grc' dir='ltr'><strong>ἀλλ.</strong></span> <span class='ocrx_word' id='word_1_39' title='bbox 783 999 1040 1082; x_wconf 83' lang='grc' dir='ltr'>ἐπιβουλευειν,</span> <span class='ocrx_word' id='word_1_40' title='bbox 1064 998 1153 1064; x_wconf 90' lang='lat' dir='ltr'>velut</span> <span class='ocrx_word' id='word_1_41' title='bbox 1178 1001 1293 1085; x_wconf 86' lang='grc'><strong>15,24,</strong></span> <span class='ocrx_word' id='word_1_42' title='bbox 1311 1004 1383 1084; x_wconf 83' lang='grc'><strong>198,</strong></span> 
     </span>
     <span class='ocr_line' id='line_1_7' title="bbox 268 1103 1383 1189; baseline 0.001 -20"><span class='ocrx_word' id='word_1_43' title='bbox 268 1105 343 1170; x_wconf 98' lang='grc'><strong>230.</strong></span> <span class='ocrx_word' id='word_1_44' title='bbox 389 1106 515 1189; x_wconf 90' lang='grc'><strong>21,15.</strong></span> <span class='ocrx_word' id='word_1_45' title='bbox 565 1107 614 1188; x_wconf 96' lang='grc'>18,</span> <span class='ocrx_word' id='word_1_46' title='bbox 638 1107 689 1170; x_wconf 84' lang='grc'>63.</span> <span class='ocrx_word' id='word_1_47' title='bbox 733 1105 781 1171; x_wconf 86' lang='grc' dir='ltr'>Ασ</span> <span class='ocrx_word' id='word_1_48' title='bbox 798 1125 893 1188; x_wconf 86' lang='lat' dir='ltr'>quam</span> <span class='ocrx_word' id='word_1_49' title='bbox 909 1103 1092 1187; x_wconf 86' lang='lat' dir='ltr'>frequenter</span> <span class='ocrx_word' id='word_1_50' title='bbox 1115 1111 1148 1171; x_wconf 92' lang='lat' dir='ltr'>et</span> <span class='ocrx_word' id='word_1_51' title='bbox 1168 1107 1258 1172; x_wconf 85' lang='lat' dir='ltr'>varie</span> <span class='ocrx_word' id='word_1_52' title='bbox 1275 1112 1383 1172; x_wconf 90' lang='lat' dir='ltr'>orator</span> 
     </span>
     <span class='ocr_line' id='line_1_8' title="bbox 267 1209 1381 1298; baseline 0.004 -24"><span class='ocrx_word' id='word_1_53' title='bbox 267 1209 329 1275; x_wconf 87' lang='lat' dir='ltr'>hac</span> <span class='ocrx_word' id='word_1_54' title='bbox 351 1210 403 1276; x_wconf 86' lang='lat' dir='ltr'>vel</span> <span class='ocrx_word' id='word_1_55' title='bbox 426 1210 499 1295; x_wconf 90' lang='lat' dir='ltr'>plus</span> <span class='ocrx_word' id='word_1_56' title='bbox 522 1210 626 1277; x_wconf 92' lang='lat' dir='ltr'>minus</span> <span class='ocrx_word' id='word_1_57' title='bbox 655 1211 752 1278; x_wconf 84' lang='lat' dir='ltr'>simili</span> <span class='ocrx_word' id='word_1_58' title='bbox 786 1211 915 1278; x_wconf 90' lang='lat' dir='ltr'>dicendi</span> <span class='ocrx_word' id='word_1_59' title='bbox 946 1212 1072 1278; x_wconf 87' lang='lat' dir='ltr'>ratione</span> <span class='ocrx_word' id='word_1_60' title='bbox 1100 1218 1271 1298; x_wconf 88' lang='lat' dir='ltr'>praeterea</span> <span class='ocrx_word' id='word_1_61' title='bbox 1303 1234 1381 1280; x_wconf 91' lang='lat' dir='ltr'>usus</span> 
     </span>
     <span class='ocr_line' id='line_1_9' title="bbox 271 1315 1381 1404; baseline 0.004 -23"><span class='ocrx_word' id='word_1_62' title='bbox 271 1315 321 1401; x_wconf 91' lang='lat' dir='ltr'>sit,</span> <span class='ocrx_word' id='word_1_63' title='bbox 346 1316 450 1384; x_wconf 83' lang='lat' dir='ltr'>elucet</span> <span class='ocrx_word' id='word_1_64' title='bbox 473 1338 512 1384; x_wconf 89' lang='lat' dir='ltr'>ex</span> <span class='ocrx_word' id='word_1_65' title='bbox 536 1317 616 1384; x_wconf 92' lang='lat' dir='ltr'>locis</span> <span class='ocrx_word' id='word_1_66' title='bbox 639 1317 705 1385; x_wconf 92' lang='lat' dir='ltr'>his:</span> <span class='ocrx_word' id='word_1_67' title='bbox 733 1320 782 1396; x_wconf 90' lang='grc'>18,</span> <span class='ocrx_word' id='word_1_68' title='bbox 801 1321 849 1385; x_wconf 95' lang='grc'>17.</span> <span class='ocrx_word' id='word_1_69' title='bbox 881 1321 930 1404; x_wconf 87' lang='grc'>19,</span> <span class='ocrx_word' id='word_1_70' title='bbox 953 1321 1004 1384; x_wconf 85' lang='grc'>33.</span> <span class='ocrx_word' id='word_1_71' title='bbox 1034 1322 1152 1404; x_wconf 89' lang='grc'><strong>21,11,</strong></span> <span class='ocrx_word' id='word_1_72' title='bbox 1178 1321 1227 1387; x_wconf 86' lang='grc'>15.</span> <span class='ocrx_word' id='word_1_73' title='bbox 1264 1322 1315 1404; x_wconf 79' lang='lat' dir='ltr'>at,</span> <span class='ocrx_word' id='word_1_74' title='bbox 1333 1323 1381 1386; x_wconf 89' lang='grc'>19.</span> 
     </span>
     <span class='ocr_line' id='line_1_10' title="bbox 269 1424 1382 1509; baseline 0.004 -20"><span class='ocrx_word' id='word_1_75' title='bbox 269 1424 395 1508; x_wconf 87' lang='grc'><strong>25,18.</strong></span> <span class='ocrx_word' id='word_1_76' title='bbox 441 1426 567 1508; x_wconf 90' lang='grc' dir='ltr'><strong>27,Ιο</strong></span> <span class='ocrx_word' id='word_1_77' title='bbox 613 1426 665 1509; x_wconf 87' lang='grc'><strong>30,</strong></span> <span class='ocrx_word' id='word_1_78' title='bbox 694 1426 745 1491; x_wconf 89' lang='grc'>26.</span> <span class='ocrx_word' id='word_1_79' title='bbox 792 1425 967 1490; x_wconf 61' lang='grc'><strong>1112341..</strong></span> <span class='ocrx_word' id='word_1_80' title='bbox 1011 1424 1063 1489; x_wconf 90' lang='lat' dir='ltr'>Ad</span> <span class='ocrx_word' id='word_1_81' title='bbox 1096 1432 1271 1493; x_wconf 89' lang='lat' dir='ltr'>extremum</span> <span class='ocrx_word' id='word_1_82' title='bbox 1301 1426 1382 1493; x_wconf 86' lang='lat' dir='ltr'>haee</span> 
     </span>
     <span class='ocr_line' id='line_1_11' title="bbox 269 1529 1381 1616; baseline 0.002 -21"><span class='ocrx_word' id='word_1_83' title='bbox 269 1529 484 1596; x_wconf 79' lang='lat' dir='ltr'>consideratio</span> <span class='ocrx_word' id='word_1_84' title='bbox 508 1530 683 1597; x_wconf 89' lang='lat' dir='ltr'>cumuletur</span> <span class='ocrx_word' id='word_1_85' title='bbox 705 1531 766 1597; x_wconf 90' lang='lat' dir='ltr'>hoo</span> <span class='ocrx_word' id='word_1_86' title='bbox 790 1530 955 1615; x_wconf 84' lang='lat' dir='ltr'>cogitandi</span> <span class='ocrx_word' id='word_1_87' title='bbox 983 1531 1233 1598; x_wconf 75' lang='lat' dir='ltr'>necessitudinis</span> <span class='ocrx_word' id='word_1_88' title='bbox 1261 1533 1381 1616; x_wconf 80' lang='lat' dir='ltr'>insigni</span> 
     </span>
     <span class='ocr_line' id='line_1_12' title="bbox 269 1634 1381 1725; baseline 0.003 -23"><span class='ocrx_word' id='word_1_89' title='bbox 269 1638 430 1722; x_wconf 90' lang='lat' dir='ltr'>exemplo:</span> <span class='ocrx_word' id='word_1_90' title='bbox 455 1639 531 1718; x_wconf 72' lang='lat'>§21</span> <span class='ocrx_word' id='word_1_91' title='bbox 548 1634 614 1703; x_wconf 79' lang='lat' dir='ltr'>oda</span> <span class='ocrx_word' id='word_1_92' title='bbox 628 1636 749 1719; x_wconf 80' lang='grc' dir='ltr'>ἀγαπῶν</span> <span class='ocrx_word' id='word_1_93' title='bbox 772 1650 848 1712; x_wconf 83' lang='grc' dir='ltr'>τοῖς</span> <span class='ocrx_word' id='word_1_94' title='bbox 874 1635 1095 1725; x_wconf 72' lang='grc' dir='ltr'>ὑπάρχουσιν</span> <span class='ocrx_word' id='word_1_95' title='bbox 1120 1639 1287 1720; x_wconf 72' lang='grc' dir='ltr'>ἀγαθοῖς,</span> <span class='ocrx_word' id='word_1_96' title='bbox 1312 1639 1381 1705; x_wconf 83' lang='grc' dir='ltr'><strong>ἀλλ’</strong></span> 
     </span>
     <span class='ocr_line' id='line_1_13' title="bbox 269 1742 1382 1834; baseline 0.004 -27"><span class='ocrx_word' id='word_1_97' title='bbox 269 1743 393 1818; x_wconf 73' lang='grc' dir='ltr'>ἐλπίζων</span> <span class='ocrx_word' id='word_1_98' title='bbox 424 1748 476 1810; x_wconf 86' lang='grc' dir='ltr'>καὶ</span> <span class='ocrx_word' id='word_1_99' title='bbox 507 1749 561 1834; x_wconf 66' lang='grc' dir='ltr'>τὴν</span> <span class='ocrx_word' id='word_1_100' title='bbox 592 1742 736 1832; x_wconf 73' lang='grc' dir='ltr'>Εὐρώπην</span> <span class='ocrx_word' id='word_1_101' title='bbox 769 1748 1033 1830; x_wconf 72' lang='grc' dir='ltr'>δουλώσεσθαι,</span> <span class='ocrx_word' id='word_1_102' title='bbox 1065 1747 1117 1830; x_wconf 78' lang='grc'>31,</span> <span class='ocrx_word' id='word_1_103' title='bbox 1147 1748 1167 1811; x_wconf 90' lang='grc'><strong>8</strong></span> <span class='ocrx_word' id='word_1_104' title='bbox 1200 1750 1319 1819; x_wconf 81' lang='grc' dir='ltr'>τουτους</span> <span class='ocrx_word' id='word_1_105' title='bbox 1348 1744 1382 1812; x_wconf 75' lang='grc' dir='ltr'>οὒ</span> 
     </span>
     <span class='ocr_line' id='line_1_14' title="bbox 268 1848 1382 1940; baseline 0.002 -24"><span class='ocrx_word' id='word_1_106' title='bbox 268 1852 604 1916; x_wconf 76' lang='grc' dir='ltr'>καταδουλώσεσθαί</span> <span class='ocrx_word' id='word_1_107' title='bbox 618 1874 650 1932; x_wconf 78' lang='grc' dir='ltr'>χε</span> <span class='ocrx_word' id='word_1_108' title='bbox 666 1887 682 1898; x_wconf 93' lang='grc'>-</span> <span class='ocrx_word' id='word_1_109' title='bbox 699 1863 778 1937; x_wconf 83' lang='grc' dir='ltr'><strong>σφᾶς</strong></span> <span class='ocrx_word' id='word_1_110' title='bbox 791 1849 899 1925; x_wconf 69' lang='grc' dir='ltr'>αὐτοὺς</span> <span class='ocrx_word' id='word_1_111' title='bbox 911 1864 975 1917; x_wconf 83' lang='grc' dir='ltr'>τῶν</span> <span class='ocrx_word' id='word_1_112' title='bbox 990 1848 1219 1939; x_wconf 74' lang='grc' dir='ltr'>ὑπαρχόντων</span> <span class='ocrx_word' id='word_1_113' title='bbox 1233 1852 1382 1940; x_wconf 69' lang='grc' dir='ltr'>ἀχαδζῶν</span> 
     </span>
     <span class='ocr_line' id='line_1_15' title="bbox 270 1957 478 2046; baseline 0.01 -24"><span class='ocrx_word' id='word_1_114' title='bbox 270 1957 478 2046; x_wconf 78' lang='grc' dir='ltr'>ἀποστερῆσαι.</span> 
     </span>
    </p>

    <p class='ocr_par' dir='ltr' id='par_1_3' title="bbox 269 2065 1385 4503">
     <span class='ocr_line' id='line_1_16' title="bbox 336 2065 1381 2150; baseline 0.003 -19"><span class='ocrx_word' id='word_1_115' title='bbox 336 2065 370 2131; x_wconf 82' lang='lat' dir='ltr'>si</span> <span class='ocrx_word' id='word_1_116' title='bbox 391 2086 476 2131; x_wconf 90' lang='lat' dir='ltr'>nune</span> <span class='ocrx_word' id='word_1_117' title='bbox 499 2065 689 2150; x_wconf 85' lang='lat' dir='ltr'>quaerimus,</span> <span class='ocrx_word' id='word_1_118' title='bbox 713 2066 829 2150; x_wconf 89' lang='lat' dir='ltr'>quibus</span> <span class='ocrx_word' id='word_1_119' title='bbox 851 2067 989 2132; x_wconf 86' lang='lat' dir='ltr'>maxime</span> <span class='ocrx_word' id='word_1_120' title='bbox 1018 2067 1127 2133; x_wconf 84' lang='lat' dir='ltr'>causis</span> <span class='ocrx_word' id='word_1_121' title='bbox 1150 2072 1183 2131; x_wconf 91' lang='lat' dir='ltr'>et</span> <span class='ocrx_word' id='word_1_122' title='bbox 1204 2066 1381 2134; x_wconf 87' lang='lat' dir='ltr'>rationibus</span> 
     </span>
     <span class='ocr_line' id='line_1_17' title="bbox 271 2171 1381 2259; baseline 0.004 -23"><span class='ocrx_word' id='word_1_123' title='bbox 271 2171 358 2258; x_wconf 85' lang='lat' dir='ltr'>apud</span> <span class='ocrx_word' id='word_1_124' title='bbox 398 2172 531 2257; x_wconf 82' lang='lat' dir='ltr'>Lysiam</span> <span class='ocrx_word' id='word_1_125' title='bbox 576 2172 720 2239; x_wconf 91' lang='lat' dir='ltr'>homines</span> <span class='ocrx_word' id='word_1_126' title='bbox 757 2172 801 2238; x_wconf 87' lang='lat' dir='ltr'>ad</span> <span class='ocrx_word' id='word_1_127' title='bbox 837 2172 999 2256; x_wconf 84' lang='lat' dir='ltr'>agendum</span> <span class='ocrx_word' id='word_1_128' title='bbox 1039 2173 1244 2259; x_wconf 88' lang='lat' dir='ltr'>impellantur</span> <span class='ocrx_word' id='word_1_129' title='bbox 1285 2180 1381 2258; x_wconf 86' lang='lat' dir='ltr'>atque</span> 
     </span>
     <span class='ocr_line' id='line_1_18' title="bbox 272 2277 1379 2366; baseline 0 -23"><span class='ocrx_word' id='word_1_130' title='bbox 272 2277 436 2364; x_wconf 85' lang='lat' dir='ltr'>ducantur,</span> <span class='ocrx_word' id='word_1_131' title='bbox 460 2279 575 2364; x_wconf 89' lang='lat' dir='ltr'>quibus</span> <span class='ocrx_word' id='word_1_132' title='bbox 598 2280 694 2346; x_wconf 89' lang='lat' dir='ltr'>rebus</span> <span class='ocrx_word' id='word_1_133' title='bbox 719 2279 807 2345; x_wconf 88' lang='lat' dir='ltr'>facta</span> <span class='ocrx_word' id='word_1_134' title='bbox 831 2300 890 2346; x_wconf 89' lang='lat' dir='ltr'>sua</span> <span class='ocrx_word' id='word_1_135' title='bbox 914 2286 1068 2347; x_wconf 81' lang='lat' dir='ltr'>excusent</span> <span class='ocrx_word' id='word_1_136' title='bbox 1091 2287 1147 2347; x_wconf 85' lang='lat' dir='ltr'>aut</span> <span class='ocrx_word' id='word_1_137' title='bbox 1168 2287 1318 2366; x_wconf 85' lang='lat' dir='ltr'>purgent,</span> <span class='ocrx_word' id='word_1_138' title='bbox 1346 2280 1379 2343; x_wconf 92' lang='lat' dir='ltr'>in</span> 
     </span>
     <span class='ocr_line' id='line_1_19' title="bbox 272 2385 1381 2473; baseline 0 -23"><span class='ocrx_word' id='word_1_139' title='bbox 272 2385 460 2453; x_wconf 89' lang='lat' dir='ltr'>diversitate</span> <span class='ocrx_word' id='word_1_140' title='bbox 483 2386 611 2470; x_wconf 84' lang='lat' dir='ltr'>generis</span> <span class='ocrx_word' id='word_1_141' title='bbox 635 2385 763 2453; x_wconf 90' lang='lat' dir='ltr'>dicendi</span> <span class='ocrx_word' id='word_1_142' title='bbox 793 2386 906 2452; x_wconf 82' lang='lat' dir='ltr'>ecdem</span> <span class='ocrx_word' id='word_1_143' title='bbox 930 2392 1091 2453; x_wconf 87' lang='lat' dir='ltr'>momenta</span> <span class='ocrx_word' id='word_1_144' title='bbox 1118 2388 1316 2473; x_wconf 89' lang='lat' dir='ltr'>reperiuntur</span> <span class='ocrx_word' id='word_1_145' title='bbox 1347 2386 1381 2451; x_wconf 93' lang='lat' dir='ltr'>in</span> 
     </span>
     <span class='ocr_line' id='line_1_20' title="bbox 271 2493 1381 2580; baseline 0.002 -22"><span class='ocrx_word' id='word_1_146' title='bbox 271 2493 435 2578; x_wconf 85' lang='lat' dir='ltr'>epitaphio</span> <span class='ocrx_word' id='word_1_147' title='bbox 458 2499 556 2577; x_wconf 90' lang='lat' dir='ltr'>atque</span> <span class='ocrx_word' id='word_1_148' title='bbox 578 2493 611 2558; x_wconf 94' lang='lat' dir='ltr'>in</span> <span class='ocrx_word' id='word_1_149' title='bbox 635 2494 751 2560; x_wconf 88' lang='lat' dir='ltr'>ceteris</span> <span class='ocrx_word' id='word_1_150' title='bbox 767 2493 974 2560; x_wconf 82' lang='lat' dir='ltr'>orationibus.</span> <span class='ocrx_word' id='word_1_151' title='bbox 1022 2493 1126 2577; x_wconf 82' lang='lat' dir='ltr'>Atque</span> <span class='ocrx_word' id='word_1_152' title='bbox 1141 2515 1212 2560; x_wconf 91' lang='lat' dir='ltr'>cum</span> <span class='ocrx_word' id='word_1_153' title='bbox 1225 2494 1381 2580; x_wconf 89' lang='lat' dir='ltr'>impulsus</span> 
     </span>
     <span class='ocr_line' id='line_1_21' title="bbox 270 2599 1379 2686; baseline -0.003 -21"><span class='ocrx_word' id='word_1_154' title='bbox 270 2599 511 2667; x_wconf 87' lang='lat' dir='ltr'>fundamentum</span> <span class='ocrx_word' id='word_1_155' title='bbox 534 2600 675 2667; x_wconf 81' lang='lat' dir='ltr'>cuiusvis</span> <span class='ocrx_word' id='word_1_156' title='bbox 689 2600 827 2667; x_wconf 89' lang='lat' dir='ltr'>actionis</span> <span class='ocrx_word' id='word_1_157' title='bbox 852 2601 902 2686; x_wconf 79' lang='lat' dir='ltr'>sit,</span> <span class='ocrx_word' id='word_1_158' title='bbox 926 2607 1001 2666; x_wconf 88' lang='lat' dir='ltr'>ante</span> <span class='ocrx_word' id='word_1_159' title='bbox 1025 2601 1133 2666; x_wconf 87' lang='lat' dir='ltr'>omnia</span> <span class='ocrx_word' id='word_1_160' title='bbox 1148 2601 1252 2683; x_wconf 84' lang='lat' dir='ltr'>refert,</span> <span class='ocrx_word' id='word_1_161' title='bbox 1275 2606 1379 2662; x_wconf 89' lang='lat' dir='ltr'>utrum</span> 
     </span>
     <span class='ocr_line' id='line_1_22' title="bbox 270 2706 1377 2793; baseline -0.003 -22"><span class='ocrx_word' id='word_1_162' title='bbox 270 2706 342 2791; x_wconf 91' lang='lat' dir='ltr'>quis</span> <span class='ocrx_word' id='word_1_163' title='bbox 366 2707 564 2774; x_wconf 88' lang='lat' dir='ltr'>extrinsecus</span> <span class='ocrx_word' id='word_1_164' title='bbox 586 2707 783 2775; x_wconf 79' lang='lat' dir='ltr'>necessitate</span> <span class='ocrx_word' id='word_1_165' title='bbox 806 2714 950 2793; x_wconf 85' lang='lat' dir='ltr'>coactus,</span> <span class='ocrx_word' id='word_1_166' title='bbox 979 2728 1021 2772; x_wconf 88' lang='lat' dir='ltr'>an</span> <span class='ocrx_word' id='word_1_167' title='bbox 1045 2729 1104 2775; x_wconf 88' lang='lat' dir='ltr'>sua</span> <span class='ocrx_word' id='word_1_168' title='bbox 1127 2711 1240 2792; x_wconf 91' lang='lat' dir='ltr'>sponte</span> <span class='ocrx_word' id='word_1_169' title='bbox 1270 2711 1302 2769; x_wconf 90' lang='lat' dir='ltr'>et</span> <span class='ocrx_word' id='word_1_170' title='bbox 1324 2724 1377 2769; x_wconf 87' lang='lat' dir='ltr'>vo-</span> 
     </span>
     <span class='ocr_line' id='line_1_23' title="bbox 269 2815 1381 2901; baseline -0.002 -22"><span class='ocrx_word' id='word_1_171' title='bbox 269 2815 393 2881; x_wconf 87' lang='lat' dir='ltr'>luntate</span> <span class='ocrx_word' id='word_1_172' title='bbox 415 2822 502 2899; x_wconf 84' lang='lat' dir='ltr'>agat.</span> <span class='ocrx_word' id='word_1_173' title='bbox 547 2815 725 2882; x_wconf 86' lang='lat' dir='ltr'>inhaere</span> <span class='ocrx_word' id='word_1_174' title='bbox 748 2815 793 2882; x_wconf 89' lang='lat' dir='ltr'>ad</span> <span class='ocrx_word' id='word_1_175' title='bbox 816 2837 852 2883; x_wconf 90' lang='lat' dir='ltr'>se</span> <span class='ocrx_word' id='word_1_176' title='bbox 874 2815 1019 2901; x_wconf 84' lang='lat' dir='ltr'>proxime</span> <span class='ocrx_word' id='word_1_177' title='bbox 1046 2815 1205 2883; x_wconf 83' lang='lat' dir='ltr'>accedunt</span> <span class='ocrx_word' id='word_1_178' title='bbox 1231 2816 1252 2893; x_wconf 70' lang='lat'>§</span> <span class='ocrx_word' id='word_1_179' title='bbox 1276 2815 1318 2879; x_wconf 89' lang='grc'><strong>61</strong></span> <span class='ocrx_word' id='word_1_180' title='bbox 1348 2818 1381 2878; x_wconf 92' lang='lat' dir='ltr'>et</span> 
     </span>
     <span class='ocr_line' id='line_1_24' title="bbox 272 2919 1381 3017; baseline -0.004 -29"><span class='ocrx_word' id='word_1_181' title='bbox 272 2926 322 3007; x_wconf 90' lang='grc'>12,</span> <span class='ocrx_word' id='word_1_182' title='bbox 347 2925 397 3007; x_wconf 92' lang='grc'><strong>70,</strong></span> <span class='ocrx_word' id='word_1_183' title='bbox 421 2922 460 2988; x_wconf 87' lang='lat' dir='ltr'>of.</span> <span class='ocrx_word' id='word_1_184' title='bbox 486 2924 535 3008; x_wconf 95' lang='grc'>13,</span> <span class='ocrx_word' id='word_1_185' title='bbox 561 2926 610 2989; x_wconf 94' lang='grc'>19.</span> <span class='ocrx_word' id='word_1_186' title='bbox 651 2926 699 3009; x_wconf 91' lang='grc'>18,</span> <span class='ocrx_word' id='word_1_187' title='bbox 723 2926 775 2990; x_wconf 84' lang='grc'>2.·</span> <span class='ocrx_word' id='word_1_188' title='bbox 797 2923 850 2991; x_wconf 83' lang='lat' dir='ltr'>Er.</span> <span class='ocrx_word' id='word_1_189' title='bbox 875 2925 980 3017; x_wconf 76' lang='lat' dir='ltr'>231a</span> <span class='ocrx_word' id='word_1_190' title='bbox 1015 2923 1110 3001; x_wconf 76' lang='lat' dir='ltr'>Quod</span> <span class='ocrx_word' id='word_1_191' title='bbox 1133 2929 1241 2990; x_wconf 86' lang='lat' dir='ltr'>autern</span> <span class='ocrx_word' id='word_1_192' title='bbox 1263 2919 1381 2986; x_wconf 88' lang='lat' dir='ltr'>adres</span> 
     </span>
     <span class='ocr_line' id='line_1_25' title="bbox 269 3027 1381 3116; baseline -0.004 -23"><span class='ocrx_word' id='word_1_193' title='bbox 269 3029 360 3114; x_wconf 88' lang='lat' dir='ltr'>ipsas</span> <span class='ocrx_word' id='word_1_194' title='bbox 392 3029 525 3109; x_wconf 82' lang='lat' dir='ltr'>attinet,</span> <span class='ocrx_word' id='word_1_195' title='bbox 559 3050 622 3096; x_wconf 94' lang='lat' dir='ltr'>non</span> <span class='ocrx_word' id='word_1_196' title='bbox 653 3037 719 3096; x_wconf 85' lang='lat' dir='ltr'>tarn</span> <span class='ocrx_word' id='word_1_197' title='bbox 751 3030 865 3097; x_wconf 89' lang='lat' dir='ltr'>mirum</span> <span class='ocrx_word' id='word_1_198' title='bbox 897 3051 970 3098; x_wconf 91' lang='lat' dir='ltr'>esse</span> <span class='ocrx_word' id='word_1_199' title='bbox 1000 3031 1110 3116; x_wconf 93' lang='lat' dir='ltr'>debet,</span> <span class='ocrx_word' id='word_1_200' title='bbox 1143 3030 1229 3114; x_wconf 90' lang='lat' dir='ltr'>quod</span> <span class='ocrx_word' id='word_1_201' title='bbox 1260 3027 1381 3112; x_wconf 84' lang='lat' dir='ltr'>pariter</span> 
     </span>
     <span class='ocr_line' id='line_1_26' title="bbox 271 3133 1379 3222; baseline -0.004 -22"><span class='ocrx_word' id='word_1_202' title='bbox 271 3135 359 3202; x_wconf 86' lang='lat' dir='ltr'>faeta</span> <span class='ocrx_word' id='word_1_203' title='bbox 382 3156 477 3221; x_wconf 88' lang='lat' dir='ltr'>quam</span> <span class='ocrx_word' id='word_1_204' title='bbox 500 3135 586 3221; x_wconf 92' lang='lat' dir='ltr'>quod</span> <span class='ocrx_word' id='word_1_205' title='bbox 610 3137 757 3204; x_wconf 91' lang='lat' dir='ltr'>similiter</span> <span class='ocrx_word' id='word_1_206' title='bbox 775 3137 863 3203; x_wconf 89' lang='lat' dir='ltr'>dicta</span> <span class='ocrx_word' id='word_1_207' title='bbox 881 3138 1050 3222; x_wconf 88' lang='lat' dir='ltr'>utrubique</span> <span class='ocrx_word' id='word_1_208' title='bbox 1065 3138 1252 3219; x_wconf 87' lang='lat' dir='ltr'>invenimus,</span> <span class='ocrx_word' id='word_1_209' title='bbox 1276 3133 1379 3198; x_wconf 89' lang='lat' dir='ltr'>velut:</span> 
     </span>
     <span class='ocr_line' id='line_1_27' title="bbox 271 3240 1382 3333; baseline -0.005 -23"><span class='ocrx_word' id='word_1_210' title='bbox 271 3247 291 3323; x_wconf 65' lang='grc' dir='ltr'>ξ</span> <span class='ocrx_word' id='word_1_211' title='bbox 318 3246 358 3310; x_wconf 82' lang='grc'>14</span> <span class='ocrx_word' id='word_1_212' title='bbox 398 3241 436 3309; x_wconf 76' lang='grc' dir='ltr'>οἷ)</span> <span class='ocrx_word' id='word_1_213' title='bbox 467 3251 647 3330; x_wconf 79' lang='grc' dir='ltr'>προτέρας</span> <span class='ocrx_word' id='word_1_214' title='bbox 678 3244 817 3333; x_wconf 76' lang='grc' dir='ltr'>ἔχθρας</span> <span class='ocrx_word' id='word_1_215' title='bbox 847 3243 1086 3333; x_wconf 71' lang='grc' dir='ltr'>ὑπαρχουσης</span> <span class='ocrx_word' id='word_1_216' title='bbox 1125 3240 1195 3307; x_wconf 71' lang='grc' dir='ltr'>οὐδὲ</span> <span class='ocrx_word' id='word_1_217' title='bbox 1230 3242 1382 3325; x_wconf 78' lang='grc' dir='ltr'>κέρδους</span> 
     </span>
     <span class='ocr_line' id='line_1_28' title="bbox 270 3345 1382 3440; baseline -0.005 -23"><span class='ocrx_word' id='word_1_218' title='bbox 270 3357 460 3439; x_wconf 77' lang='grc' dir='ltr'>προκειμένου</span> <span class='ocrx_word' id='word_1_219' title='bbox 482 3355 573 3439; x_wconf 78' lang='grc' dir='ltr'>πλὴν</span> <span class='ocrx_word' id='word_1_220' title='bbox 605 3352 694 3438; x_wconf 76' lang='grc' dir='ltr'>δόξης</span> <span class='ocrx_word' id='word_1_221' title='bbox 721 3351 856 3440; x_wconf 56' lang='lat' dir='ltr'>treme,</span> <span class='ocrx_word' id='word_1_222' title='bbox 887 3355 918 3438; x_wconf 87' lang='lat'>1,</span> <span class='ocrx_word' id='word_1_223' title='bbox 947 3355 967 3417; x_wconf 88' lang='grc'>4</span> <span class='ocrx_word' id='word_1_224' title='bbox 996 3348 1071 3416; x_wconf 80' lang='grc' dir='ltr'>οὔτε</span> <span class='ocrx_word' id='word_1_225' title='bbox 1099 3345 1382 3436; x_wconf 74' lang='grc' dir='ltr'>ἔχθρα-ἦν-οἴντε</span> 
     </span>
     <span class='ocr_line' id='line_1_29' title="bbox 270 3454 1381 3547; baseline -0.004 -24"><span class='ocrx_word' id='word_1_226' title='bbox 270 3457 364 3524; x_wconf 81' lang='grc' dir='ltr'>ἄλλου</span> <span class='ocrx_word' id='word_1_227' title='bbox 391 3461 542 3544; x_wconf 76' lang='grc' dir='ltr'>κέρδους</span> <span class='ocrx_word' id='word_1_228' title='bbox 571 3456 687 3532; x_wconf 71' lang='grc' dir='ltr'>οὔδενδς</span> <span class='ocrx_word' id='word_1_229' title='bbox 713 3461 803 3547; x_wconf 82' lang='grc' dir='ltr'>πλὴν</span> <span class='ocrx_word' id='word_1_230' title='bbox 830 3462 1058 3547; x_wconf 75' lang='grc' dir='ltr'>τῆς-τιμωρίας,</span> <span class='ocrx_word' id='word_1_231' title='bbox 1087 3454 1126 3522; x_wconf 86' lang='lat' dir='ltr'>of.</span> <span class='ocrx_word' id='word_1_232' title='bbox 1148 3459 1177 3541; x_wconf 88' lang='grc'><strong>7,</strong></span> <span class='ocrx_word' id='word_1_233' title='bbox 1204 3457 1255 3521; x_wconf 90' lang='grc'>20.</span> <span class='ocrx_word' id='word_1_234' title='bbox 1283 3456 1336 3534; x_wconf 85' lang='grc'><strong>24,</strong></span> <span class='ocrx_word' id='word_1_235' title='bbox 1352 3456 1381 3519; x_wconf 90' lang='grc'>2.</span> 
     </span>
     <span class='ocr_line' id='line_1_30' title="bbox 270 3561 1380 3654; baseline 0.003 -26"><span class='ocrx_word' id='word_1_236' title='bbox 270 3563 415 3631; x_wconf 84' lang='lat' dir='ltr'>Accedat</span> <span class='ocrx_word' id='word_1_237' title='bbox 452 3568 510 3644; x_wconf 82' lang='lat'>18,</span> <span class='ocrx_word' id='word_1_238' title='bbox 548 3566 569 3632; x_wconf 89' lang='grc'><strong>5</strong></span> <span class='ocrx_word' id='word_1_239' title='bbox 615 3562 679 3632; x_wconf 74' lang='grc' dir='ltr'>οὐκ</span> <span class='ocrx_word' id='word_1_240' title='bbox 715 3561 1082 3654; x_wconf 67' lang='grc' dir='ltr'>ἀπελαυνόμενος-οὔδ’</span> <span class='ocrx_word' id='word_1_241' title='bbox 1122 3561 1199 3636; x_wconf 73' lang='grc' dir='ltr'>ἰδίας</span> <span class='ocrx_word' id='word_1_242' title='bbox 1241 3564 1380 3648; x_wconf 77' lang='grc' dir='ltr'>ἔχθρας</span> 
     </span>
     <span class='ocr_line' id='line_1_31' title="bbox 271 3670 1382 3760; baseline -0.006 -24"><span class='ocrx_word' id='word_1_243' title='bbox 271 3670 511 3760; x_wconf 77' lang='grc' dir='ltr'>δποιρχουσης.</span> <span class='ocrx_word' id='word_1_244' title='bbox 559 3672 636 3738; x_wconf 80' lang='lat' dir='ltr'>Cum</span> <span class='ocrx_word' id='word_1_245' title='bbox 659 3673 721 3738; x_wconf 90' lang='lat' dir='ltr'>hoe</span> <span class='ocrx_word' id='word_1_246' title='bbox 742 3694 853 3740; x_wconf 89' lang='lat' dir='ltr'>rursus</span> <span class='ocrx_word' id='word_1_247' title='bbox 875 3671 1009 3759; x_wconf 88' lang='lat' dir='ltr'>perinde</span> <span class='ocrx_word' id='word_1_248' title='bbox 1032 3677 1130 3756; x_wconf 84' lang='lat' dir='ltr'>atque</span> <span class='ocrx_word' id='word_1_249' title='bbox 1152 3671 1235 3737; x_wconf 90' lang='lat' dir='ltr'>inter</span> <span class='ocrx_word' id='word_1_250' title='bbox 1257 3688 1293 3735; x_wconf 89' lang='lat' dir='ltr'>se</span> <span class='ocrx_word' id='word_1_251' title='bbox 1314 3673 1382 3731; x_wconf 82' lang='lat' dir='ltr'>tam</span> 
     </span>
     <span class='ocr_line' id='line_1_32' title="bbox 271 3772 1383 3865; baseline 0.001 -20"><span class='ocrx_word' id='word_1_252' title='bbox 271 3800 307 3845; x_wconf 89' lang='lat' dir='ltr'>re</span> <span class='ocrx_word' id='word_1_253' title='bbox 330 3800 426 3863; x_wconf 87' lang='lat' dir='ltr'>quam</span> <span class='ocrx_word' id='word_1_254' title='bbox 449 3785 608 3846; x_wconf 87' lang='lat' dir='ltr'>structura</span> <span class='ocrx_word' id='word_1_255' title='bbox 631 3780 767 3846; x_wconf 87' lang='lat' dir='ltr'>conferri</span> <span class='ocrx_word' id='word_1_256' title='bbox 789 3786 925 3865; x_wconf 91' lang='lat' dir='ltr'>possunt</span> <span class='ocrx_word' id='word_1_257' title='bbox 947 3779 1127 3846; x_wconf 88' lang='lat' dir='ltr'>sententiae</span> <span class='ocrx_word' id='word_1_258' title='bbox 1160 3781 1215 3858; x_wconf 77' lang='lat'>§8</span> <span class='ocrx_word' id='word_1_259' title='bbox 1239 3772 1383 3861; x_wconf 73' lang='grc' dir='ltr'>οὐδεμιᾶς</span> 
     </span>
     <span class='ocr_line' id='line_1_33' title="bbox 272 3881 1383 3976; baseline -0.006 -24"><span class='ocrx_word' id='word_1_260' title='bbox 272 3890 449 3976; x_wconf 84' lang='grc' dir='ltr'>διαφορᾶς</span> <span class='ocrx_word' id='word_1_261' title='bbox 480 3894 658 3973; x_wconf 85' lang='grc' dir='ltr'>πρότερον</span> <span class='ocrx_word' id='word_1_262' title='bbox 679 3884 912 3974; x_wconf 72' lang='grc' dir='ltr'>ὑπαρχουσης</span> <span class='ocrx_word' id='word_1_263' title='bbox 934 3884 1015 3953; x_wconf 72' lang='grc' dir='ltr'>οὐδὲ</span> <span class='ocrx_word' id='word_1_264' title='bbox 1030 3924 1046 3936; x_wconf 91' lang='grc'><strong>-</strong></span> <span class='ocrx_word' id='word_1_265' title='bbox 1060 3891 1258 3975; x_wconf 68' lang='grc' dir='ltr'>χαριζόμενοι,</span> <span class='ocrx_word' id='word_1_266' title='bbox 1294 3882 1343 3964; x_wconf 83' lang='grc'>14,</span> <span class='ocrx_word' id='word_1_267' title='bbox 1362 3881 1383 3945; x_wconf 96' lang='grc'><strong>2</strong></span> 
     </span>
     <span class='ocr_line' id='line_1_34' title="bbox 271 3987 1383 4082; baseline -0.007 -23"><span class='ocrx_word' id='word_1_268' title='bbox 271 3999 323 4059; x_wconf 83' lang='grc' dir='ltr'>καὶ</span> <span class='ocrx_word' id='word_1_269' title='bbox 345 4001 515 4080; x_wconf 86' lang='grc' dir='ltr'>πρότερον</span> <span class='ocrx_word' id='word_1_270' title='bbox 537 3999 611 4081; x_wconf 83' lang='grc' dir='ltr'>πρὸς</span> <span class='ocrx_word' id='word_1_271' title='bbox 632 3996 701 4068; x_wconf 88' lang='grc' dir='ltr'>τοὺς</span> <span class='ocrx_word' id='word_1_272' title='bbox 714 4001 847 4081; x_wconf 68' lang='grc' dir='ltr'>πατέρας</span> <span class='ocrx_word' id='word_1_273' title='bbox 865 3993 931 4082; x_wconf 61' lang='lat' dir='ltr'>ripis</span> <span class='ocrx_word' id='word_1_274' title='bbox 950 3995 1126 4082; x_wconf 81' lang='grc' dir='ltr'>διαφορᾶς</span> <span class='ocrx_word' id='word_1_275' title='bbox 1147 3987 1383 4076; x_wconf 77' lang='grc' dir='ltr'>δπαρχουσης</span> 
     </span>
     <span class='ocr_line' id='line_1_35' title="bbox 271 4096 1384 4189; baseline -0.006 -23"><span class='ocrx_word' id='word_1_276' title='bbox 271 4106 323 4167; x_wconf 86' lang='grc' dir='ltr'>καὶ</span> <span class='ocrx_word' id='word_1_277' title='bbox 340 4111 474 4167; x_wconf 81' lang='grc' dir='ltr'>-τουτον</span> <span class='ocrx_word' id='word_1_278' title='bbox 519 4099 635 4189; x_wconf 72' lang='grc' dir='ltr'>ἐχθρὸν</span> <span class='ocrx_word' id='word_1_279' title='bbox 669 4099 841 4189; x_wconf 79' lang='grc' dir='ltr'>ἡγουμενος</span> <span class='ocrx_word' id='word_1_280' title='bbox 871 4106 923 4167; x_wconf 87' lang='grc' dir='ltr'>καὶ</span> <span class='ocrx_word' id='word_1_281' title='bbox 938 4136 954 4148; x_wconf 93' lang='grc'>-</span> <span class='ocrx_word' id='word_1_282' title='bbox 977 4098 1030 4164; x_wconf 70' lang='grc' dir='ltr'>ὑπ’</span> <span class='ocrx_word' id='word_1_283' title='bbox 1064 4096 1155 4164; x_wconf 69' lang='grc' dir='ltr'>αὐτοῦ</span> <span class='ocrx_word' id='word_1_284' title='bbox 1195 4099 1384 4165; x_wconf 76' lang='grc' dir='ltr'>πεπονθὼς</span> 
     </span>
     <span class='ocr_line' id='line_1_36' title="bbox 271 4199 1384 4293; baseline -0.008 -20"><span class='ocrx_word' id='word_1_285' title='bbox 271 4217 384 4286; x_wconf 81' lang='grc' dir='ltr'>κακῶς,</span> <span class='ocrx_word' id='word_1_286' title='bbox 417 4207 457 4273; x_wconf 87' lang='lat' dir='ltr'>of.</span> <span class='ocrx_word' id='word_1_287' title='bbox 491 4211 520 4293; x_wconf 89' lang='grc'><strong>9,</strong></span> <span class='ocrx_word' id='word_1_288' title='bbox 555 4208 604 4274; x_wconf 84' lang='grc'>15.</span> <span class='ocrx_word' id='word_1_289' title='bbox 639 4210 688 4293; x_wconf 82' lang='grc'>13,</span> <span class='ocrx_word' id='word_1_290' title='bbox 724 4212 751 4274; x_wconf 93' lang='grc'>1.</span> <span class='ocrx_word' id='word_1_291' title='bbox 804 4210 846 4273; x_wconf 89' lang='lat' dir='ltr'>Is.</span> <span class='ocrx_word' id='word_1_292' title='bbox 882 4211 931 4293; x_wconf 83' lang='lat'>19,</span> <span class='ocrx_word' id='word_1_293' title='bbox 964 4209 1006 4274; x_wconf 86' lang='grc'>32</span> <span class='ocrx_word' id='word_1_294' title='bbox 1038 4208 1117 4293; x_wconf 81' lang='grc' dir='ltr'>διαφ.</span> <span class='ocrx_word' id='word_1_295' title='bbox 1153 4201 1272 4292; x_wconf 72' lang='grc' dir='ltr'><strong>οὔσης.</strong></span> <span class='ocrx_word' id='word_1_296' title='bbox 1322 4199 1384 4264; x_wconf 87' lang='lat' dir='ltr'>Illa</span> 
     </span>
     <span class='ocr_line' id='line_1_37' title="bbox 273 4307 1385 4400; baseline -0.007 -22"><span class='ocrx_word' id='word_1_297' title='bbox 273 4321 379 4380; x_wconf 88' lang='lat' dir='ltr'>autem</span> <span class='ocrx_word' id='word_1_298' title='bbox 402 4313 549 4400; x_wconf 91' lang='lat' dir='ltr'>proxima</span> <span class='ocrx_word' id='word_1_299' title='bbox 573 4313 734 4380; x_wconf 90' lang='lat' dir='ltr'>sententia</span> <span class='ocrx_word' id='word_1_300' title='bbox 747 4313 863 4378; x_wconf 91' lang='lat' dir='ltr'>iterum</span> <span class='ocrx_word' id='word_1_301' title='bbox 877 4313 970 4396; x_wconf 90' lang='lat' dir='ltr'>quasi</span> <span class='ocrx_word' id='word_1_302' title='bbox 985 4313 1018 4377; x_wconf 93' lang='lat' dir='ltr'>in</span> <span class='ocrx_word' id='word_1_303' title='bbox 1038 4311 1206 4396; x_wconf 86' lang='lat' dir='ltr'>sequentia</span> <span class='ocrx_word' id='word_1_304' title='bbox 1218 4307 1385 4395; x_wconf 82' lang='lat' dir='ltr'>prominet,</span> 
     </span>
     <span class='ocr_line' id='line_1_38' title="bbox 273 4413 1384 4503; baseline -0.007 -15"><span class='ocrx_word' id='word_1_305' title='bbox 273 4441 344 4488; x_wconf 92' lang='lat' dir='ltr'>cum</span> <span class='ocrx_word' id='word_1_306' title='bbox 366 4420 512 4486; x_wconf 90' lang='lat' dir='ltr'>nimirum</span> <span class='ocrx_word' id='word_1_307' title='bbox 525 4414 558 4484; x_wconf 92' lang='lat' dir='ltr'>in</span> <span class='ocrx_word' id='word_1_308' title='bbox 572 4417 754 4485; x_wconf 89' lang='lat' dir='ltr'>iudicandis</span> <span class='ocrx_word' id='word_1_309' title='bbox 773 4418 884 4485; x_wconf 89' lang='lat' dir='ltr'>liberis</span> <span class='ocrx_word' id='word_1_310' title='bbox 907 4417 1040 4484; x_wconf 91' lang='lat' dir='ltr'>multum</span> <span class='ocrx_word' id='word_1_311' title='bbox 1062 4417 1191 4503; x_wconf 77' lang='lat' dir='ltr'>referat,</span> <span class='ocrx_word' id='word_1_312' title='bbox 1214 4422 1247 4481; x_wconf 90' lang='lat' dir='ltr'>et</span> <span class='ocrx_word' id='word_1_313' title='bbox 1269 4413 1384 4497; x_wconf 88' lang='lat' dir='ltr'>quales</span> 
     </span>
    </p>
   </div>
   <div class='ocr_carea' id='block_1_3' title="bbox 0 0 1564 4884">
    <p class='ocr_par' dir='ltr' id='par_1_4' title="bbox 0 0 1564 4884">
     <span class='ocr_line' id='line_1_39' title="bbox 0 0 1564 4884; baseline 0 0"><span class='ocrx_word' id='word_1_314' title='bbox 0 0 1564 4884; x_wconf 95' lang='lat' dir='ltr'> </span> 
     </span>
    </p>
   </div>
  </div>
 </body>
</html>
