3109 4884
790 334 810 395 8

240 525 305 592 dici
341 546 439 611 posse
475 523 602 591 videtur
638 524 672 590 in
707 531 817 592 nostro
851 531 978 591 oratore
1011 525 1105 608 quasi
1138 525 1200 591 duc
1233 547 1353 610 genera

239 631 381 718 dicendi,
414 631 557 698 Siculum
586 638 618 698 et
645 631 801 717 Atticum,
834 631 1029 698 confluxisse
1057 638 1154 716 atque
1183 634 1353 702 coaluisse.

238 740 324 806 Nam
356 759 550 823 quamquam
582 759 650 824 eae,
683 758 766 823 qnae
799 759 883 805 nunc
915 738 985 805 eins
1018 745 1157 818 exstant,
1190 742 1353 807 orationes

239 847 409 914 iudiciales
437 847 567 932 proprio
598 845 673 913 fucn
700 846 852 929 fastuque
875 851 998 931 carent,
1030 851 1139 912 tamen
1165 845 1199 911 id
1221 848 1353 913 multum

239 954 345 1039 refert,
360 961 464 1020 utrum
477 953 596 1038 Lysias
616 960 779 1036 tamquam
799 973 861 1019 uno
881 953 1003 1038 impetu
1022 953 1129 1018 omnia
1147 953 1206 1018 illa
1225 953 1352 1020 dicendi

240 1060 378 1128 artificia
404 1060 559 1127 abiecerit
585 1080 690 1144 neque
717 1059 816 1127 ullum
844 1059 1018 1143 vestigium
1045 1080 1154 1126 eorum
1180 1060 1353 1146 reliquerit

241 1189 284 1233 an
310 1167 398 1233 illius
422 1166 601 1232 Siculorum
628 1165 821 1251 disciplinae
851 1166 995 1250 artisque
1021 1167 1072 1233 vis
1099 1166 1133 1231 in
1156 1165 1352 1233 demonstra·

242 1274 309 1340 tivo
326 1275 441 1340 saltem
465 1273 533 1340 eius
558 1293 677 1357 genere
691 1274 765 1358 plus
778 1273 917 1339 valuerit
939 1274 992 1338 vel
1015 1272 1351 1358 etiampraevaluerit.

240 1382 291 1447 De
314 1401 378 1464 qua
401 1400 436 1446 re
450 1380 596 1464 quamvis
620 1387 707 1447 certo
732 1381 765 1445 in
780 1381 964 1446 universum
980 1387 1176 1465 compertum
1199 1380 1242 1446 sit
1256 1387 1353 1464 atque

240 1488 274 1552 in
296 1488 413 1571 vulgus
437 1493 573 1572 constet,
601 1494 710 1553 tamen
738 1486 780 1553 de
802 1488 953 1573 pergrayi
980 1487 1051 1553 loco
1079 1485 1143 1552 dno
1171 1486 1354 1571 gravissimi

242 1594 444 1678 antiquitatis
468 1601 617 1660 auctores
639 1596 721 1660 inter
745 1615 782 1662 se
805 1593 1008 1662 dissentiunt.
1054 1595 1137 1662 Nam
1161 1614 1233 1660 oum
1251 1593 1354 1661 Theo·

241 1701 394 1786 phrastus
430 1700 520 1766 illam
551 1701 673 1786 Lysiae
704 1701 882 1767 orationem
918 1721 977 1786 pro
1008 1701 1116 1785 Nicia,
1152 1707 1188 1766 ut
1219 1700 1354 1786 videtur,

243 1806 447 1872 declamandi
484 1828 584 1874 causa
607 1808 760 1892 scriptam
782 1808 959 1893 respiciens
981 1807 1056 1874 huic
1079 1808 1198 1873 oratori
1224 1808 1355 1873 nimiam

242 1915 490 1982 ostentationem
513 1916 683 2000 opprobrio
700 1915 832 1982 fecisset
853 1915 1007 2000 illamque
1025 1915 1257 2000 aequalitatem
1281 1936 1354 1982 con-

244 2022 490 2106 sonantiamque
505 2023 716 2089 membrorum
730 2024 901 2109 increpans
924 2023 1067 2108 ineptam
1081 2028 1178 2107 atque
1196 2023 1354 2108 poematis

242 2131 345 2195 instar
367 2129 563 2215 vocavisset,
586 2130 763 2215 Dionysius
774 2132 798 2212 ¹)
823 2130 884 2196 hoc
907 2129 948 2196 de
970 2130 1072 2215 Lysia
1093 2129 1353 2197 iudiciumvehe·

242 2243 365 2303 menter
379 2236 547 2323 impugnat
561 2237 737 2303 orationem
751 2237 842 2302 illam
856 2237 886 2302 ei
899 2236 1099 2304 abiudicans.
1135 2236 1353 2321 Reprehensio

248 2343 353 2410 severi
375 2343 561 2430 philosophi
584 2343 660 2410 licet
687 2344 762 2409 ferri
790 2344 906 2429 possit,
938 2344 1046 2410 rhetor
1072 2343 1106 2409 in
1132 2343 1195 2409 hac
1221 2363 1256 2409 re
1278 2342 1354 2409 mihi

245 2450 372 2533 quidem
387 2452 486 2517 multo
501 2450 646 2518 severius
660 2450 825 2518 iudicasse
837 2451 973 2536 videtur,
997 2471 1093 2534 quam
1117 2456 1151 2516 ut
1174 2451 1204 2517 ei
1221 2471 1356 2518 necesse

246 2564 333 2625 esset
363 2558 453 2624 illam
485 2557 753 2624 declamationem
781 2557 902 2643 Lysiae
934 2560 1101 2642 abrogare.
1155 2559 1239 2625 Nam
1269 2557 1355 2642 quod

245 2664 289 2731 ad
312 2666 540 2731 antithetorum
562 2686 655 2732 nsum
679 2665 808 2747 attinet,
837 2686 942 2732 nonne
964 2665 1015 2732 his
1039 2664 1234 2731 ornamentis
1261 2663 1355 2731 huius

245 2772 382 2839 oratoris
406 2772 504 2839 dictio
528 2772 626 2837 etiam
649 2772 683 2836 in
705 2772 852 2839 omnihus
875 2772 932 2857 iis,
962 2792 1046 2854 quae
1069 2777 1210 2856 exstant,
1239 2772 1355 2838 oratio·

245 2879 339 2945 nibus
375 2879 469 2963 quasi
505 2879 628 2944 intenta
663 2879 734 2946 est?
785 2877 878 2955 Quae
915 2878 1044 2962 quidem
1080 2899 1285 2965 quamquam,
1322 2886 1357 2945 ut

245 2985 379 3053 Photius
394 2984 419 3073 ²)
444 2986 618 3072 confirmat,
640 3006 706 3051 non
727 2992 794 3050 tam
816 3005 856 3051 ex
878 2984 1038 3052 industria
1059 2985 1136 3052 ficta
1150 2986 1301 3070 iactaque
1324 2991 1357 3052 et

246 3092 289 3158 ad
305 3092 554 3160 ostentationem
576 3092 756 3178 composita
779 3099 853 3158 sunt
875 3113 972 3176 quam
994 3112 1078 3176 quae
1101 3113 1141 3159 ex
1155 3094 1252 3159 rebus
1275 3092 1356 3178 ipsis

245 3200 336 3267 nasci
362 3206 573 3283 naturamque
601 3201 692 3283 sequi
719 3199 902 3285 videantur,
943 3206 1051 3266 tamen
1077 3199 1269 3284 Blassius,³)
1302 3199 1356 3282 qui

247 3307 375 3392 quidem
397 3308 469 3392 ipse
492 3327 550 3392 pro
575 3306 735 3373 sententia
758 3306 909 3393 Dionysii
932 3306 1156 3392 Theophrasto
1185 3307 1355 3389 obloquen-

246 3416 288 3483 tis
321 3414 438 3481 aeriter
469 3421 604 3500 pugnet,
636 3414 705 3480 iure
731 3414 878 3500 miratur,
911 3412 997 3497 quod
1028 3414 1080 3479 hic
1107 3412 1228 3497 Lysiae
1259 3412 1356 3480 iudex

245 3523 335 3587 illam
357 3543 378 3586 a
391 3521 507 3587 Photio
531 3526 809 3588 commemoratam
831 3520 927 3587 huius
946 3521 1083 3586 oratoris
1106 3526 1173 3585 tam
1194 3521 1356 3605 propriam

246 3629 402 3694 rationem
424 3627 508 3694 adeo
527 3648 592 3693 non
613 3628 646 3693 in
661 3647 792 3694 censum
806 3627 978 3695 vocaverit.
1025 3625 1133 3703 Quare
1155 3627 1224 3692 iure
1237 3646 1356 3711 ponere

247 3735 400 3802 debemus
422 3735 614 3820 Dionysium
642 3736 711 3803 sive
732 3734 831 3800 nimio
854 3734 975 3819 Lysiae
1003 3732 1110 3800 studio
1135 3733 1264 3800 ductum
1287 3732 1356 3800 sive

247 3842 352 3927 magis
368 3843 551 3926 elegantiae
570 3863 666 3927 quam
688 3841 846 3909 historiae
862 3842 1005 3907 rationes
1021 3847 1165 3908 secutum
1176 3839 1357 3924 benignius>

247 3972 344 4035 quam
365 3970 425 4035 par
448 3956 531 4035 erat,
561 3944 646 4017 hunc
674 3955 834 4016 oratorem
862 3949 895 4014 in
922 3948 981 4014 illa
1007 3969 1042 4014 re
1068 3947 1275 4019 iudicavisse.
1321 3949 1357 4014 Si

247 4064 354 4124 autem
385 4056 447 4123 hoo
477 4057 525 4122 ita
556 4076 592 4124 se
623 4055 721 4124 habet
753 4064 851 4139 atque
882 4077 954 4122 curn
984 4055 1111 4122 omnino
1133 4055 1255 4138 Lysiae
1286 4076 1357 4122 cnm

248 4163 360 4231 schola
382 4163 492 4230 Sicula
515 4163 664 4248 cognatio
687 4163 845 4249 principio
868 4162 968 4229 artior
991 4161 1092 4229 fuisse
1113 4162 1268 4249 putanda,
1290 4169 1356 4229 tum

247 4270 305 4336 illa
328 4270 431 4336 oratio
453 4291 512 4356 pro
534 4270 629 4337 Nicia
652 4270 773 4355 scripta
800 4290 835 4336 re
857 4289 935 4335 vera
963 4269 1103 4353 genuina
1125 4269 1275 4337 habenda
1298 4275 1356 4355 est,

321 4411 343 4481 ¹)
362 4413 403 4469 De
420 4413 482 4482 Lys.
502 4411 545 4474 14,
564 4438 596 4449 -
618 4409 640 4478 ¹)
658 4411 722 4467 Cod.
740 4412 801 4468 262.
821 4439 854 4449 -
875 4409 972 4477 8)1.1.
991 4430 1018 4482 p.
1036 4412 1097 4466 392.
