<?xml version="1.0" encoding="UTF-8"?>
<!DOCTYPE html PUBLIC "-//W3C//DTD XHTML 1.0 Transitional//EN"
    "http://www.w3.org/TR/xhtml1/DTD/xhtml1-transitional.dtd">
<html xmlns="http://www.w3.org/1999/xhtml" xml:lang="en" lang="en">
 <head>
  <title>
</title>
<meta http-equiv="Content-Type" content="text/html;charset=utf-8" />
  <meta name='ocr-system' content='tesseract 3.04.00' />
  <meta name='ocr-capabilities' content='ocr_page ocr_carea ocr_par ocr_line ocrx_word'/>
</head>
<body>
  <div class='ocr_page' id='page_1' title='image "./delysiaeepitaph00thomgoog_0056.png"; bbox 0 0 3109 4884; ppageno 0'>
   <div class='ocr_carea' id='block_1_1' title="bbox 609 1035 967 1141">
    <p class='ocr_par' dir='ltr' id='par_1_1' title="bbox 609 1035 967 1141">
     <span class='ocr_line' id='line_1_1' title="bbox 609 1035 967 1141; baseline -0.006 -1"><span class='ocrx_word' id='word_1_1' title='bbox 609 1035 967 1141; x_wconf 85' lang='lat' dir='ltr'>THESES.</span> 
     </span>
    </p>
   </div>
   <div class='ocr_carea' id='block_1_2' title="bbox 737 1245 843 1263">
    <p class='ocr_par' dir='ltr' id='par_1_2' title="bbox 737 1245 843 1263">
     <span class='ocr_line' id='line_1_2' title="bbox 737 1245 843 1263; baseline 0 -1"><span class='ocrx_word' id='word_1_2' title='bbox 737 1245 843 1263; x_wconf 65' lang='lat' dir='ltr'>MVW</span> 
     </span>
    </p>
   </div>
   <div class='ocr_carea' id='block_1_3' title="bbox 279 1407 1347 1708">
    <p class='ocr_par' dir='ltr' id='par_1_3' title="bbox 279 1407 1347 1708">
     <span class='ocr_line' id='line_1_3' title="bbox 279 1407 1347 1495; baseline 0.001 -23"><span class='ocrx_word' id='word_1_3' title='bbox 279 1409 303 1475; x_wconf 92' lang='grc' dir='ltr'>Ι.</span> <span class='ocrx_word' id='word_1_4' title='bbox 341 1408 458 1475; x_wconf 83' lang='lat' dir='ltr'><strong>Herod.</strong></span> <span class='ocrx_word' id='word_1_5' title='bbox 485 1408 538 1492; x_wconf 86' lang='lat' dir='ltr'>IV,</span> <span class='ocrx_word' id='word_1_6' title='bbox 564 1410 626 1474; x_wconf 88' lang='lat'>119</span> <span class='ocrx_word' id='word_1_7' title='bbox 654 1407 888 1473; x_wconf 85' lang='lat' dir='ltr'><strong>emendandum</strong></span> <span class='ocrx_word' id='word_1_8' title='bbox 916 1414 979 1474; x_wconf 82' lang='lat' dir='ltr'>eut:</span> <span class='ocrx_word' id='word_1_9' title='bbox 1009 1407 1047 1494; x_wconf 85' lang='grc' dir='ltr'>ἢν</span> <span class='ocrx_word' id='word_1_10' title='bbox 1074 1414 1171 1495; x_wconf 77' lang='grc' dir='ltr'>μέντοι</span> <span class='ocrx_word' id='word_1_11' title='bbox 1197 1408 1266 1494; x_wconf 63' lang='lat' dir='ltr'>trip</span> <span class='ocrx_word' id='word_1_12' title='bbox 1294 1415 1347 1474; x_wconf 81' lang='grc' dir='ltr'>καὶ</span> 
     </span>
     <span class='ocr_line' id='line_1_4' title="bbox 341 1512 1347 1602; baseline -0.001 -21"><span class='ocrx_word' id='word_1_13' title='bbox 341 1515 389 1581; x_wconf 75' lang='grc' dir='ltr'>ἐπὶ</span> <span class='ocrx_word' id='word_1_14' title='bbox 403 1520 455 1602; x_wconf 84' lang='grc' dir='ltr'>την</span> <span class='ocrx_word' id='word_1_15' title='bbox 468 1512 616 1602; x_wconf 75' lang='grc' dir='ltr'>ἡμετέρην</span> <span class='ocrx_word' id='word_1_16' title='bbox 630 1513 708 1599; x_wconf 72' lang='grc' dir='ltr'>ἄρξη</span> <span class='ocrx_word' id='word_1_17' title='bbox 723 1538 753 1579; x_wconf 84' lang='grc' dir='ltr'>τε</span> <span class='ocrx_word' id='word_1_18' title='bbox 767 1514 900 1592; x_wconf 68' lang='grc' dir='ltr'>ἀδικέων,</span> <span class='ocrx_word' id='word_1_19' title='bbox 923 1518 976 1579; x_wconf 81' lang='grc' dir='ltr'>καὶ</span> <span class='ocrx_word' id='word_1_20' title='bbox 989 1512 1077 1600; x_wconf 80' lang='grc' dir='ltr'>ἡμεῖς</span> <span class='ocrx_word' id='word_1_21' title='bbox 1094 1512 1133 1579; x_wconf 76' lang='grc' dir='ltr'>οὐ</span> <span class='ocrx_word' id='word_1_22' title='bbox 1147 1521 1347 1602; x_wconf 80' lang='grc' dir='ltr'>κεισόμεθα</span> 
     </span>
     <span class='ocr_line' id='line_1_5' title="bbox 340 1618 1180 1708; baseline -0.001 -22"><span class='ocrx_word' id='word_1_23' title='bbox 340 1620 499 1707; x_wconf 80' lang='lat' dir='ltr'>(plerique</span> <span class='ocrx_word' id='word_1_24' title='bbox 522 1620 614 1686; x_wconf 87' lang='lat' dir='ltr'>oodd.</span> <span class='ocrx_word' id='word_1_25' title='bbox 638 1618 672 1686; x_wconf 76' lang='grc' dir='ltr'>οἰ)</span> <span class='ocrx_word' id='word_1_26' title='bbox 694 1625 869 1708; x_wconf 72' lang='grc' dir='ltr'>πεισόμεθα,</span> <span class='ocrx_word' id='word_1_27' title='bbox 894 1642 909 1686; x_wconf 84' lang='lat' dir='ltr'>u</span> <span class='ocrx_word' id='word_1_28' title='bbox 933 1618 987 1686; x_wconf 76' lang='grc' dir='ltr'>οὖν</span> <span class='ocrx_word' id='word_1_29' title='bbox 1009 1618 1180 1707; x_wconf 69' lang='grc' dir='ltr'>οἰσορεθα).</span> 
     </span>
    </p>
   </div>
   <div class='ocr_carea' id='block_1_4' title="bbox 261 1744 1345 1936">
    <p class='ocr_par' dir='ltr' id='par_1_4' title="bbox 261 1744 1345 1936">
     <span class='ocr_line' id='line_1_6' title="bbox 261 1744 1345 1830; baseline 0.001 -20"><span class='ocrx_word' id='word_1_30' title='bbox 261 1747 302 1815; x_wconf 91' lang='grc' dir='ltr'>ΙΙ.</span> <span class='ocrx_word' id='word_1_31' title='bbox 339 1745 460 1830; x_wconf 81' lang='lat' dir='ltr'><strong>Lysiae</strong></span> <span class='ocrx_word' id='word_1_32' title='bbox 487 1745 666 1811; x_wconf 84' lang='lat' dir='ltr'>orationum</span> <span class='ocrx_word' id='word_1_33' title='bbox 692 1744 770 1810; x_wconf 87' lang='lat' dir='ltr'>XIV</span> <span class='ocrx_word' id='word_1_34' title='bbox 799 1752 831 1809; x_wconf 90' lang='lat' dir='ltr'>et</span> <span class='ocrx_word' id='word_1_35' title='bbox 853 1744 913 1808; x_wconf 92' lang='lat' dir='ltr'>XV</span> <span class='ocrx_word' id='word_1_36' title='bbox 940 1744 1081 1828; x_wconf 85' lang='lat' dir='ltr'>genuina</span> <span class='ocrx_word' id='word_1_37' title='bbox 1110 1745 1200 1828; x_wconf 81' lang='lat' dir='ltr'>origo</span> <span class='ocrx_word' id='word_1_38' title='bbox 1229 1746 1345 1812; x_wconf 87' lang='lat' dir='ltr'>iniuria</span> 
     </span>
     <span class='ocr_line' id='line_1_7' title="bbox 342 1850 954 1936; baseline -0.002 -19"><span class='ocrx_word' id='word_1_39' title='bbox 342 1872 363 1917; x_wconf 85' lang='lat' dir='ltr'><strong>a</strong></span> <span class='ocrx_word' id='word_1_40' title='bbox 386 1851 579 1936; x_wconf 85' lang='lat' dir='ltr'>quibusdam</span> <span class='ocrx_word' id='word_1_41' title='bbox 602 1852 635 1918; x_wconf 91' lang='lat' dir='ltr'>in</span> <span class='ocrx_word' id='word_1_42' title='bbox 659 1850 790 1917; x_wconf 88' lang='lat' dir='ltr'>dubium</span> <span class='ocrx_word' id='word_1_43' title='bbox 812 1858 954 1917; x_wconf 83' lang='lat' dir='ltr'>vocatur.</span> 
     </span>
    </p>
   </div>
   <div class='ocr_carea' id='block_1_5' title="bbox 249 1975 1348 2167">
    <p class='ocr_par' dir='ltr' id='par_1_5' title="bbox 249 1975 1348 2167">
     <span class='ocr_line' id='line_1_8' title="bbox 249 1975 1348 2063; baseline 0.001 -20"><span class='ocrx_word' id='word_1_44' title='bbox 249 1979 306 2047; x_wconf 87' lang='lat'>111.</span> <span class='ocrx_word' id='word_1_45' title='bbox 342 1978 430 2045; x_wconf 91' lang='lat' dir='ltr'><strong>Inter</strong></span> <span class='ocrx_word' id='word_1_46' title='bbox 457 1976 653 2063; x_wconf 84' lang='lat' dir='ltr'>epitaphium</span> <span class='ocrx_word' id='word_1_47' title='bbox 681 1976 802 2061; x_wconf 81' lang='lat' dir='ltr'><strong>Lysiae</strong></span> <span class='ocrx_word' id='word_1_48' title='bbox 835 1983 867 2042; x_wconf 89' lang='lat' dir='ltr'>et</span> <span class='ocrx_word' id='word_1_49' title='bbox 895 1977 948 2059; x_wconf 91' lang='lat' dir='ltr'>qui</span> <span class='ocrx_word' id='word_1_50' title='bbox 979 1975 1095 2042; x_wconf 85' lang='lat' dir='ltr'>dieitur</span> <span class='ocrx_word' id='word_1_51' title='bbox 1120 1977 1348 2044; x_wconf 83' lang='lat' dir='ltr'>Demosthenis</span> 
     </span>
     <span class='ocr_line' id='line_1_9' title="bbox 343 2074 1167 2167; baseline 0.001 -18"><span class='ocrx_word' id='word_1_52' title='bbox 343 2085 441 2150; x_wconf 85' lang='lat' dir='ltr'>ullam</span> <span class='ocrx_word' id='word_1_53' title='bbox 464 2085 648 2150; x_wconf 86' lang='lat' dir='ltr'>interiorem</span> <span class='ocrx_word' id='word_1_54' title='bbox 670 2074 828 2149; x_wconf 79' lang='lat' dir='ltr'>rationem</span> <span class='ocrx_word' id='word_1_55' title='bbox 852 2083 1052 2149; x_wconf 79' lang='lat' dir='ltr'><strong>intercedere</strong></span> <span class='ocrx_word' id='word_1_56' title='bbox 1074 2104 1167 2167; x_wconf 80' lang='lat' dir='ltr'>nego.</span> 
     </span>
    </p>
   </div>
   <div class='ocr_carea' id='block_1_6' title="bbox 250 2208 1347 2403">
    <p class='ocr_par' dir='ltr' id='par_1_6' title="bbox 250 2208 1347 2403">
     <span class='ocr_line' id='line_1_10' title="bbox 250 2208 1346 2294; baseline -0.004 -18"><span class='ocrx_word' id='word_1_57' title='bbox 250 2211 302 2276; x_wconf 88' lang='lat' dir='ltr'>IV.</span> <span class='ocrx_word' id='word_1_58' title='bbox 340 2210 435 2275; x_wconf 87' lang='lat' dir='ltr'>Dion.</span> <span class='ocrx_word' id='word_1_59' title='bbox 459 2208 532 2274; x_wconf 85' lang='lat' dir='ltr'>Hal.</span> <span class='ocrx_word' id='word_1_60' title='bbox 560 2208 601 2274; x_wconf 87' lang='lat' dir='ltr'>de</span> <span class='ocrx_word' id='word_1_61' title='bbox 624 2208 721 2275; x_wconf 83' lang='lat' dir='ltr'>Isoor.</span> <span class='ocrx_word' id='word_1_62' title='bbox 749 2230 780 2294; x_wconf 90' lang='lat' dir='ltr'>p.</span> <span class='ocrx_word' id='word_1_63' title='bbox 808 2210 882 2293; x_wconf 81' lang='lat'><strong>556,</strong></span> <span class='ocrx_word' id='word_1_64' title='bbox 905 2212 944 2275; x_wconf 87' lang='lat'>13</span> <span class='ocrx_word' id='word_1_65' title='bbox 969 2209 1116 2292; x_wconf 79' lang='lat' dir='ltr'><strong>(Reieke)</strong></span> <span class='ocrx_word' id='word_1_66' title='bbox 1140 2209 1237 2276; x_wconf 85' lang='lat' dir='ltr'>soribi</span> <span class='ocrx_word' id='word_1_67' title='bbox 1260 2209 1346 2273; x_wconf 90' lang='lat' dir='ltr'>volo:</span> 
     </span>
     <span class='ocr_line' id='line_1_11' title="bbox 344 2316 1347 2403; baseline 0.001 -23"><span class='ocrx_word' id='word_1_68' title='bbox 344 2316 435 2388; x_wconf 75' lang='grc' dir='ltr'>ἀξιῶν</span> <span class='ocrx_word' id='word_1_69' title='bbox 459 2318 650 2403; x_wconf 74' lang='grc' dir='ltr'>μεταθέσθαι</span> <span class='ocrx_word' id='word_1_70' title='bbox 678 2320 729 2401; x_wconf 74' lang='grc' dir='ltr'>μὲν</span> <span class='ocrx_word' id='word_1_71' title='bbox 753 2319 808 2397; x_wconf 80' lang='grc' dir='ltr'>τὴν</span> <span class='ocrx_word' id='word_1_72' title='bbox 834 2321 902 2380; x_wconf 75' lang='grc' dir='ltr'>τότε</span> <span class='ocrx_word' id='word_1_73' title='bbox 924 2320 1124 2381; x_wconf 78' lang='grc' dir='ltr'>καθεστῶσαν</span> <span class='ocrx_word' id='word_1_74' title='bbox 1147 2318 1347 2403; x_wconf 76' lang='grc' dir='ltr'>δημοκρατίαν</span> 
     </span>
    </p>
   </div>
   <div class='ocr_carea' id='block_1_7' title="bbox 344 2420 1348 2618">
    <p class='ocr_par' dir='ltr' id='par_1_7' title="bbox 344 2420 1348 2618">
     <span class='ocr_line' id='line_1_12' title="bbox 344 2420 1348 2511; baseline -0.001 -23"><span class='ocrx_word' id='word_1_75' title='bbox 344 2422 386 2497; x_wconf 83' lang='grc' dir='ltr'>ὡς</span> <span class='ocrx_word' id='word_1_76' title='bbox 409 2425 525 2510; x_wconf 70' lang='grc' dir='ltr'>μεγάλα</span> <span class='ocrx_word' id='word_1_77' title='bbox 549 2424 734 2506; x_wconf 79' lang='grc' dir='ltr'>βλάπτουσαν</span> <span class='ocrx_word' id='word_1_78' title='bbox 756 2426 811 2510; x_wconf 83' lang='grc' dir='ltr'>τὴν</span> <span class='ocrx_word' id='word_1_79' title='bbox 839 2425 938 2500; x_wconf 81' lang='grc' dir='ltr'>πόλιν,</span> <span class='ocrx_word' id='word_1_80' title='bbox 971 2420 1041 2509; x_wconf 77' lang='grc' dir='ltr'>ὑπὲρ</span> <span class='ocrx_word' id='word_1_81' title='bbox 1070 2423 1107 2511; x_wconf 76' lang='grc' dir='ltr'>η’ς</span> <span class='ocrx_word' id='word_1_82' title='bbox 1136 2426 1348 2511; x_wconf 75' lang='grc' dir='ltr'>δημηγορῶν</span> 
     </span>
     <span class='ocr_line' id='line_1_13' title="bbox 344 2528 1086 2618; baseline 0.003 -23"><span class='ocrx_word' id='word_1_83' title='bbox 344 2528 440 2604; x_wconf 71' lang='grc' dir='ltr'>οὐδεὶς</span> <span class='ocrx_word' id='word_1_84' title='bbox 462 2530 607 2618; x_wconf 71' lang='grc' dir='ltr'>ἐπεχείρει</span> <span class='ocrx_word' id='word_1_85' title='bbox 630 2531 723 2611; x_wconf 81' lang='grc' dir='ltr'>λέγειν</span> <span class='ocrx_word' id='word_1_86' title='bbox 747 2528 854 2614; x_wconf 79' lang='lat' dir='ltr'>(codd.</span> <span class='ocrx_word' id='word_1_87' title='bbox 878 2532 1086 2617; x_wconf 75' lang='grc' dir='ltr'>δημαγωγῶν).</span> 
     </span>
    </p>
   </div>
   <div class='ocr_carea' id='block_1_8' title="bbox 265 2654 1350 3170">
    <p class='ocr_par' dir='ltr' id='par_1_8' title="bbox 265 2654 1350 3170">
     <span class='ocr_line' id='line_1_14' title="bbox 265 2654 1349 2741; baseline -0.002 -19"><span class='ocrx_word' id='word_1_88' title='bbox 265 2657 303 2725; x_wconf 91' lang='lat' dir='ltr'>V.</span> <span class='ocrx_word' id='word_1_89' title='bbox 342 2656 407 2722; x_wconf 84' lang='lat' dir='ltr'>Oie.</span> <span class='ocrx_word' id='word_1_90' title='bbox 436 2656 531 2721; x_wconf 78' lang='lat' dir='ltr'><strong>Tuse.</strong></span> <span class='ocrx_word' id='word_1_91' title='bbox 561 2656 667 2720; x_wconf 82' lang='lat' dir='ltr'>locum</span> <span class='ocrx_word' id='word_1_92' title='bbox 694 2655 736 2739; x_wconf 86' lang='lat' dir='ltr'>V,</span> <span class='ocrx_word' id='word_1_93' title='bbox 764 2658 820 2741; x_wconf 85' lang='lat'>37,</span> <span class='ocrx_word' id='word_1_94' title='bbox 852 2658 913 2722; x_wconf 85' lang='lat'>106</span> <span class='ocrx_word' id='word_1_95' title='bbox 942 2655 990 2721; x_wconf 84' lang='lat' dir='ltr'>sio</span> <span class='ocrx_word' id='word_1_96' title='bbox 1017 2654 1249 2721; x_wconf 86' lang='lat' dir='ltr'>restituendum</span> <span class='ocrx_word' id='word_1_97' title='bbox 1277 2674 1349 2721; x_wconf 77' lang='lat' dir='ltr'><strong>esee</strong></span> 
     </span>
     <span class='ocr_line' id='line_1_15' title="bbox 345 2759 1350 2849; baseline -0.001 -22"><span class='ocrx_word' id='word_1_98' title='bbox 345 2782 476 2828; x_wconf 81' lang='lat' dir='ltr'>censeo:</span> <span class='ocrx_word' id='word_1_99' title='bbox 499 2760 539 2825; x_wconf 90' lang='lat' dir='ltr'>Id</span> <span class='ocrx_word' id='word_1_100' title='bbox 562 2759 620 2849; x_wconf 82' lang='lat' dir='ltr'>(oo.</span> <span class='ocrx_word' id='word_1_101' title='bbox 635 2760 778 2847; x_wconf 81' lang='lat' dir='ltr'>exilium)</span> <span class='ocrx_word' id='word_1_102' title='bbox 804 2762 832 2849; x_wconf 84' lang='lat' dir='ltr'>si</span> <span class='ocrx_word' id='word_1_103' title='bbox 845 2769 977 2847; x_wconf 89' lang='lat' dir='ltr'>propter</span> <span class='ocrx_word' id='word_1_104' title='bbox 991 2761 1130 2828; x_wconf 84' lang='lat' dir='ltr'><strong>alienam</strong></span> <span class='ocrx_word' id='word_1_105' title='bbox 1149 2769 1182 2827; x_wconf 92' lang='lat' dir='ltr'>et</span> <span class='ocrx_word' id='word_1_106' title='bbox 1195 2762 1350 2828; x_wconf 84' lang='lat' dir='ltr'>offensam</span> 
     </span>
     <span class='ocr_line' id='line_1_16' title="bbox 344 2868 1349 2956; baseline -0.002 -21"><span class='ocrx_word' id='word_1_107' title='bbox 344 2868 456 2956; x_wconf 92' lang='lat' dir='ltr'>populi</span> <span class='ocrx_word' id='word_1_108' title='bbox 483 2868 681 2934; x_wconf 81' lang='lat' dir='ltr'>voluntatem</span> <span class='ocrx_word' id='word_1_109' title='bbox 708 2868 827 2934; x_wconf 89' lang='lat' dir='ltr'>malum</span> <span class='ocrx_word' id='word_1_110' title='bbox 856 2875 919 2954; x_wconf 82' lang='lat' dir='ltr'>est,</span> <span class='ocrx_word' id='word_1_111' title='bbox 951 2889 1047 2951; x_wconf 84' lang='lat' dir='ltr'>quam</span> <span class='ocrx_word' id='word_1_112' title='bbox 1075 2868 1117 2934; x_wconf 86' lang='lat' dir='ltr'>sit</span> <span class='ocrx_word' id='word_1_113' title='bbox 1145 2888 1185 2933; x_wconf 85' lang='lat' dir='ltr'>ea</span> <span class='ocrx_word' id='word_1_114' title='bbox 1212 2875 1349 2935; x_wconf 86' lang='lat' dir='ltr'>oontem-</span> 
     </span>
     <span class='ocr_line' id='line_1_17' title="bbox 345 2973 1348 3061; baseline 0 -19"><span class='ocrx_word' id='word_1_115' title='bbox 345 2976 461 3061; x_wconf 83' lang='lat' dir='ltr'>nonda‚</span> <span class='ocrx_word' id='word_1_116' title='bbox 485 2975 517 3041; x_wconf 80' lang='lat' dir='ltr'>si</span> <span class='ocrx_word' id='word_1_117' title='bbox 541 2975 600 3041; x_wconf 90' lang='lat' dir='ltr'>oui</span> <span class='ocrx_word' id='word_1_118' title='bbox 623 2975 788 3060; x_wconf 79' lang='lat' dir='ltr'>accidit,</span> <span class='ocrx_word' id='word_1_119' title='bbox 811 2976 908 3061; x_wconf 84' lang='lat' dir='ltr'>paulo</span> <span class='ocrx_word' id='word_1_120' title='bbox 932 2975 1145 3041; x_wconf 80' lang='lat' dir='ltr'>antedictum</span> <span class='ocrx_word' id='word_1_121' title='bbox 1169 2981 1218 3041; x_wconf 80' lang='lat' dir='ltr'>eut</span> <span class='ocrx_word' id='word_1_122' title='bbox 1240 2973 1348 3059; x_wconf 81' lang='lat' dir='ltr'>(codd.</span> 
     </span>
     <span class='ocr_line' id='line_1_18' title="bbox 347 3080 496 3170; baseline -0.027 -19"><span class='ocrx_word' id='word_1_123' title='bbox 347 3083 430 3151; x_wconf 82' lang='lat' dir='ltr'>siout</span> <span class='ocrx_word' id='word_1_124' title='bbox 452 3080 496 3170; x_wconf 82' lang='lat' dir='ltr'>a).</span> 
     </span>
    </p>
   </div>
   <div class='ocr_carea' id='block_1_9' title="bbox 255 3205 1350 3381">
    <p class='ocr_par' dir='ltr' id='par_1_9' title="bbox 255 3205 1350 3381">
     <span class='ocr_line' id='line_1_19' title="bbox 255 3205 1350 3293; baseline -0.004 -17"><span class='ocrx_word' id='word_1_125' title='bbox 255 3207 307 3276; x_wconf 88' lang='lat' dir='ltr'>VI.</span> <span class='ocrx_word' id='word_1_126' title='bbox 345 3207 442 3293; x_wconf 87' lang='lat' dir='ltr'>Apud</span> <span class='ocrx_word' id='word_1_127' title='bbox 456 3207 599 3273; x_wconf 78' lang='lat' dir='ltr'>Curtium</span> <span class='ocrx_word' id='word_1_128' title='bbox 620 3207 761 3291; x_wconf 82' lang='lat' dir='ltr'>vestigia</span> <span class='ocrx_word' id='word_1_129' title='bbox 785 3208 933 3274; x_wconf 82' lang='lat' dir='ltr'>oousoiae</span> <span class='ocrx_word' id='word_1_130' title='bbox 961 3213 993 3273; x_wconf 84' lang='lat' dir='ltr'>et</span> <span class='ocrx_word' id='word_1_131' title='bbox 1015 3207 1140 3273; x_wconf 84' lang='lat' dir='ltr'>insciae</span> <span class='ocrx_word' id='word_1_132' title='bbox 1162 3205 1350 3272; x_wconf 80' lang='lat' dir='ltr'>imitationis</span> 
     </span>
     <span class='ocr_line' id='line_1_20' title="bbox 345 3313 707 3381; baseline 0.006 -3"><span class='ocrx_word' id='word_1_133' title='bbox 345 3314 472 3379; x_wconf 85' lang='lat' dir='ltr'>Horatii</span> <span class='ocrx_word' id='word_1_134' title='bbox 494 3313 707 3381; x_wconf 87' lang='lat' dir='ltr'>inveniuntur.</span> 
     </span>
    </p>
   </div>
   <div class='ocr_carea' id='block_1_10' title="bbox 0 0 1569 4884">
    <p class='ocr_par' dir='ltr' id='par_1_10' title="bbox 0 0 1569 4884">
     <span class='ocr_line' id='line_1_21' title="bbox 0 0 1569 4884; baseline 0 0"><span class='ocrx_word' id='word_1_135' title='bbox 0 0 1569 4884; x_wconf 95' lang='lat' dir='ltr'> </span> 
     </span>
    </p>
   </div>
  </div>
 </body>
</html>
