<?xml version="1.0" encoding="UTF-8"?>
<!DOCTYPE html PUBLIC "-//W3C//DTD XHTML 1.0 Transitional//EN"
    "http://www.w3.org/TR/xhtml1/DTD/xhtml1-transitional.dtd">
<html xmlns="http://www.w3.org/1999/xhtml" xml:lang="en" lang="en">
 <head>
  <title>
</title>
<meta http-equiv="Content-Type" content="text/html;charset=utf-8" />
  <meta name='ocr-system' content='tesseract 3.04.00' />
  <meta name='ocr-capabilities' content='ocr_page ocr_carea ocr_par ocr_line ocrx_word'/>
</head>
<body>
  <div class='ocr_page' id='page_1' title='image "./delysiaeepitaph00thomgoog_0049.png"; bbox 0 0 3109 4884; ppageno 0'>
   <div class='ocr_carea' id='block_1_1' title="bbox 746 374 899 469">
    <p class='ocr_par' dir='ltr' id='par_1_1' title="bbox 746 374 899 469">
     <span class='ocr_line' id='line_1_1' title="bbox 746 374 899 469; baseline 0.007 -33"><span class='ocrx_word' id='word_1_1' title='bbox 746 374 899 469; x_wconf 0' lang='lat' dir='ltr'><strong>aa,</strong></span> 
     </span>
    </p>
   </div>
   <div class='ocr_carea' id='block_1_2' title="bbox 144 567 1323 3327">
    <p class='ocr_par' dir='ltr' id='par_1_2' title="bbox 144 567 1323 3327">
     <span class='ocr_line' id='line_1_2' title="bbox 210 567 1323 653; baseline -0.001 -18"><span class='ocrx_word' id='word_1_2' title='bbox 210 569 391 636; x_wconf 88' lang='lat' dir='ltr'><strong>coniectura</strong></span> <span class='ocrx_word' id='word_1_3' title='bbox 414 589 452 634; x_wconf 90' lang='lat' dir='ltr'><strong>eo</strong></span> <span class='ocrx_word' id='word_1_4' title='bbox 476 567 656 633; x_wconf 87' lang='lat' dir='ltr'><strong>confirmari</strong></span> <span class='ocrx_word' id='word_1_5' title='bbox 679 567 858 653; x_wconf 86' lang='lat' dir='ltr'><strong>videbatur,</strong></span> <span class='ocrx_word' id='word_1_6' title='bbox 882 568 969 652; x_wconf 90' lang='lat' dir='ltr'><strong>quod</strong></span> <span class='ocrx_word' id='word_1_7' title='bbox 983 567 1249 635; x_wconf 89' lang='lat' dir='ltr'><strong>verisimillimum</strong></span> <span class='ocrx_word' id='word_1_8' title='bbox 1272 577 1323 636; x_wconf 85' lang='lat' dir='ltr'><strong>est</strong></span> 
     </span>
     <span class='ocr_line' id='line_1_3' title="bbox 209 674 1322 760; baseline 0.001 -20"><span class='ocrx_word' id='word_1_9' title='bbox 209 677 382 744; x_wconf 86' lang='lat' dir='ltr'><strong>Isocratem</strong></span> <span class='ocrx_word' id='word_1_10' title='bbox 407 674 621 760; x_wconf 79' lang='lat' dir='ltr'>compluribus</span> <span class='ocrx_word' id='word_1_11' title='bbox 643 674 731 741; x_wconf 88' lang='lat' dir='ltr'><strong>illius</strong></span> <span class='ocrx_word' id='word_1_12' title='bbox 755 675 910 741; x_wconf 88' lang='lat' dir='ltr'><strong>orationis</strong></span> <span class='ocrx_word' id='word_1_13' title='bbox 933 675 1027 760; x_wconf 91' lang='lat' dir='ltr'><strong>locis,</strong></span> <span class='ocrx_word' id='word_1_14' title='bbox 1051 680 1094 757; x_wconf 64' lang='grc' dir='ltr'><strong>ἓξ</strong></span> <span class='ocrx_word' id='word_1_15' title='bbox 1121 679 1171 760; x_wconf 86' lang='grc'><strong>13,</strong></span> <span class='ocrx_word' id='word_1_16' title='bbox 1196 679 1246 760; x_wconf 80' lang='grc'><strong>74,</strong></span> <span class='ocrx_word' id='word_1_17' title='bbox 1271 679 1322 760; x_wconf 87' lang='grc'><strong>89,</strong></span> 
     </span>
     <span class='ocr_line' id='line_1_4' title="bbox 212 781 1323 869; baseline -0.003 -19"><span class='ocrx_word' id='word_1_18' title='bbox 212 787 264 868; x_wconf 81' lang='grc'><strong>97,</strong></span> <span class='ocrx_word' id='word_1_19' title='bbox 296 783 365 869; x_wconf 88' lang='lat' dir='ltr'><strong>ubi,</strong></span> <span class='ocrx_word' id='word_1_20' title='bbox 399 781 485 866; x_wconf 85' lang='lat' dir='ltr'><strong>quod</strong></span> <span class='ocrx_word' id='word_1_21' title='bbox 511 781 563 847; x_wconf 87' lang='lat' dir='ltr'><strong>vel</strong></span> <span class='ocrx_word' id='word_1_22' title='bbox 587 781 671 848; x_wconf 91' lang='lat' dir='ltr'><strong>alios</strong></span> <span class='ocrx_word' id='word_1_23' title='bbox 697 781 839 847; x_wconf 84' lang='lat' dir='ltr'><strong>imitetur</strong></span> <span class='ocrx_word' id='word_1_24' title='bbox 864 782 917 849; x_wconf 87' lang='lat' dir='ltr'><strong>vel</strong></span> <span class='ocrx_word' id='word_1_25' title='bbox 944 784 985 848; x_wconf 92' lang='lat' dir='ltr'><strong>ab</strong></span> <span class='ocrx_word' id='word_1_26' title='bbox 1008 782 1083 849; x_wconf 90' lang='lat' dir='ltr'><strong>aliis</strong></span> <span class='ocrx_word' id='word_1_27' title='bbox 1109 782 1255 868; x_wconf 76' lang='lat' dir='ltr'><strong>recedat,</strong></span> <span class='ocrx_word' id='word_1_28' title='bbox 1287 803 1323 849; x_wconf 89' lang='lat' dir='ltr'><strong>se</strong></span> 
     </span>
     <span class='ocr_line' id='line_1_5' title="bbox 210 889 1322 975; baseline -0.003 -18"><span class='ocrx_word' id='word_1_29' title='bbox 210 896 352 974; x_wconf 89' lang='lat' dir='ltr'><strong>excusat,</strong></span> <span class='ocrx_word' id='word_1_30' title='bbox 375 895 487 974; x_wconf 87' lang='lat' dir='ltr'><strong>aperte</strong></span> <span class='ocrx_word' id='word_1_31' title='bbox 510 894 674 955; x_wconf 75' lang='lat' dir='ltr'><strong>auctorem</strong></span> <span class='ocrx_word' id='word_1_32' title='bbox 697 889 855 975; x_wconf 81' lang='lat' dir='ltr'><strong>epitaphii</strong></span> <span class='ocrx_word' id='word_1_33' title='bbox 877 890 1047 974; x_wconf 75' lang='lat' dir='ltr'><strong>respicere.</strong></span> <span class='ocrx_word' id='word_1_34' title='bbox 1082 890 1148 956; x_wconf 87' lang='lat' dir='ltr'><strong>Sed</strong></span> <span class='ocrx_word' id='word_1_35' title='bbox 1172 890 1322 973; x_wconf 86' lang='lat' dir='ltr'><strong>quoniam</strong></span> 
     </span>
     <span class='ocr_line' id='line_1_6' title="bbox 208 995 1323 1081; baseline 0 -19"><span class='ocrx_word' id='word_1_36' title='bbox 208 997 291 1062; x_wconf 87' lang='lat' dir='ltr'><strong>haee</strong></span> <span class='ocrx_word' id='word_1_37' title='bbox 317 995 462 1062; x_wconf 86' lang='lat' dir='ltr'><strong>laudatio</strong></span> <span class='ocrx_word' id='word_1_38' title='bbox 489 995 632 1062; x_wconf 88' lang='lat' dir='ltr'><strong>funebris</strong></span> <span class='ocrx_word' id='word_1_39' title='bbox 662 995 789 1061; x_wconf 92' lang='lat' dir='ltr'><strong>omuino</strong></span> <span class='ocrx_word' id='word_1_40' title='bbox 818 995 859 1062; x_wconf 91' lang='lat' dir='ltr'><strong>de</strong></span> <span class='ocrx_word' id='word_1_41' title='bbox 881 1016 960 1063; x_wconf 87' lang='lat' dir='ltr'><strong>vera</strong></span> <span class='ocrx_word' id='word_1_42' title='bbox 983 996 1107 1081; x_wconf 85' lang='lat' dir='ltr'><strong>origine</strong></span> <span class='ocrx_word' id='word_1_43' title='bbox 1134 996 1168 1062; x_wconf 92' lang='lat' dir='ltr'><strong>in</strong></span> <span class='ocrx_word' id='word_1_44' title='bbox 1192 995 1323 1062; x_wconf 91' lang='lat' dir='ltr'><strong>dubium</strong></span> 
     </span>
     <span class='ocr_line' id='line_1_7' title="bbox 209 1102 1322 1189; baseline -0.001 -19"><span class='ocrx_word' id='word_1_45' title='bbox 209 1110 326 1170; x_wconf 84' lang='lat' dir='ltr'><strong>vocata</strong></span> <span class='ocrx_word' id='word_1_46' title='bbox 349 1109 410 1187; x_wconf 90' lang='lat' dir='ltr'><strong>est,</strong></span> <span class='ocrx_word' id='word_1_47' title='bbox 438 1102 496 1168; x_wconf 89' lang='lat' dir='ltr'><strong>illa</strong></span> <span class='ocrx_word' id='word_1_48' title='bbox 518 1103 601 1168; x_wconf 87' lang='lat' dir='ltr'><strong>ratio</strong></span> <span class='ocrx_word' id='word_1_49' title='bbox 625 1122 782 1169; x_wconf 88' lang='lat' dir='ltr'><strong>conversa</strong></span> <span class='ocrx_word' id='word_1_50' title='bbox 810 1109 860 1169; x_wconf 88' lang='lat' dir='ltr'><strong>est</strong></span> <span class='ocrx_word' id='word_1_51' title='bbox 883 1110 981 1187; x_wconf 89' lang='lat' dir='ltr'><strong>atque</strong></span> <span class='ocrx_word' id='word_1_52' title='bbox 1002 1105 1163 1189; x_wconf 83' lang='lat' dir='ltr'><strong>posterior</strong></span> <span class='ocrx_word' id='word_1_53' title='bbox 1189 1103 1244 1169; x_wconf 93' lang='lat' dir='ltr'><strong>ille</strong></span> <span class='ocrx_word' id='word_1_54' title='bbox 1268 1104 1322 1188; x_wconf 92' lang='lat' dir='ltr'><strong>qui</strong></span> 
     </span>
     <span class='ocr_line' id='line_1_8' title="bbox 144 1209 1322 1295; baseline 0.003 -19"><span class='ocrx_word' id='word_1_55' title='bbox 144 1210 160 1228; x_wconf 53' lang='lat'>⁸</span> <span class='ocrx_word' id='word_1_56' title='bbox 210 1211 326 1277; x_wconf 89' lang='lat' dir='ltr'><strong>dicitur</strong></span> <span class='ocrx_word' id='word_1_57' title='bbox 357 1216 469 1275; x_wconf 88' lang='lat' dir='ltr'><strong>auctor</strong></span> <span class='ocrx_word' id='word_1_58' title='bbox 501 1209 658 1295; x_wconf 86' lang='lat' dir='ltr'><strong>epitaphii</strong></span> <span class='ocrx_word' id='word_1_59' title='bbox 686 1210 877 1295; x_wconf 83' lang='lat' dir='ltr'><strong>panegyrici</strong></span> <span class='ocrx_word' id='word_1_60' title='bbox 906 1210 1112 1295; x_wconf 82' lang='lat' dir='ltr'><strong>expilationis</strong></span> <span class='ocrx_word' id='word_1_61' title='bbox 1140 1217 1322 1279; x_wconf 90' lang='lat' dir='ltr'><strong>accusatus.</strong></span> 
     </span>
     <span class='ocr_line' id='line_1_9' title="bbox 208 1316 1322 1403; baseline 0 -20"><span class='ocrx_word' id='word_1_62' title='bbox 208 1319 250 1383; x_wconf 83' lang='lat' dir='ltr'><strong>Et</strong></span> <span class='ocrx_word' id='word_1_63' title='bbox 280 1316 439 1403; x_wconf 83' lang='lat' dir='ltr'><strong>profecto,</strong></span> <span class='ocrx_word' id='word_1_64' title='bbox 475 1316 504 1381; x_wconf 93' lang='lat' dir='ltr'><strong>si</strong></span> <span class='ocrx_word' id='word_1_65' title='bbox 540 1316 695 1382; x_wconf 90' lang='lat' dir='ltr'><strong>rationem</strong></span> <span class='ocrx_word' id='word_1_66' title='bbox 732 1317 874 1382; x_wconf 89' lang='lat' dir='ltr'><strong>locorum</strong></span> <span class='ocrx_word' id='word_1_67' title='bbox 906 1317 1061 1403; x_wconf 90' lang='lat' dir='ltr'><strong>ipsorum,</strong></span> <span class='ocrx_word' id='word_1_68' title='bbox 1099 1318 1153 1402; x_wconf 90' lang='lat' dir='ltr'><strong>qui</strong></span> <span class='ocrx_word' id='word_1_69' title='bbox 1186 1338 1226 1385; x_wconf 87' lang='lat' dir='ltr'><strong>ex</strong></span> <span class='ocrx_word' id='word_1_70' title='bbox 1257 1338 1322 1383; x_wconf 90' lang='lat' dir='ltr'><strong>una</strong></span> 
     </span>
     <span class='ocr_line' id='line_1_10' title="bbox 209 1422 1320 1510; baseline 0.001 -20"><span class='ocrx_word' id='word_1_71' title='bbox 209 1425 353 1491; x_wconf 89' lang='lat' dir='ltr'><strong>oratione</strong></span> <span class='ocrx_word' id='word_1_72' title='bbox 375 1423 409 1488; x_wconf 94' lang='lat' dir='ltr'><strong>in</strong></span> <span class='ocrx_word' id='word_1_73' title='bbox 432 1422 567 1488; x_wconf 89' lang='lat' dir='ltr'><strong>alteram</strong></span> <span class='ocrx_word' id='word_1_74' title='bbox 590 1423 740 1489; x_wconf 83' lang='lat' dir='ltr'><strong>translati</strong></span> <span class='ocrx_word' id='word_1_75' title='bbox 763 1429 860 1507; x_wconf 86' lang='lat' dir='ltr'><strong>atque</strong></span> <span class='ocrx_word' id='word_1_76' title='bbox 883 1423 998 1490; x_wconf 83' lang='lat' dir='ltr'><strong>intexti</strong></span> <span class='ocrx_word' id='word_1_77' title='bbox 1021 1430 1103 1509; x_wconf 90' lang='lat' dir='ltr'><strong>sunt,</strong></span> <span class='ocrx_word' id='word_1_78' title='bbox 1127 1431 1320 1510; x_wconf 88' lang='lat' dir='ltr'><strong>spectamus,</strong></span> 
     </span>
     <span class='ocr_line' id='line_1_11' title="bbox 209 1530 1321 1617; baseline -0.001 -20"><span class='ocrx_word' id='word_1_79' title='bbox 209 1533 242 1597; x_wconf 94' lang='lat' dir='ltr'><strong>in</strong></span> <span class='ocrx_word' id='word_1_80' title='bbox 279 1531 337 1597; x_wconf 86' lang='lat' dir='ltr'><strong>illa</strong></span> <span class='ocrx_word' id='word_1_81' title='bbox 373 1531 563 1617; x_wconf 86' lang='lat' dir='ltr'><strong>praesertim</strong></span> <span class='ocrx_word' id='word_1_82' title='bbox 601 1530 812 1597; x_wconf 86' lang='lat' dir='ltr'><strong>similitudine</strong></span> <span class='ocrx_word' id='word_1_83' title='bbox 853 1530 981 1614; x_wconf 90' lang='lat' dir='ltr'><strong>generis</strong></span> <span class='ocrx_word' id='word_1_84' title='bbox 1023 1530 1151 1597; x_wconf 92' lang='lat' dir='ltr'><strong>dicendi</strong></span> <span class='ocrx_word' id='word_1_85' title='bbox 1187 1537 1321 1614; x_wconf 88' lang='lat' dir='ltr'><strong>uterque</strong></span> 
     </span>
     <span class='ocr_line' id='line_1_12' title="bbox 211 1637 1321 1722; baseline 0.002 -18"><span class='ocrx_word' id='word_1_86' title='bbox 211 1638 324 1704; x_wconf 91' lang='lat' dir='ltr'><strong>eodem</strong></span> <span class='ocrx_word' id='word_1_87' title='bbox 346 1638 415 1704; x_wconf 92' lang='lat' dir='ltr'><strong>iure</strong></span> <span class='ocrx_word' id='word_1_88' title='bbox 433 1643 541 1703; x_wconf 90' lang='lat' dir='ltr'><strong>orator</strong></span> <span class='ocrx_word' id='word_1_89' title='bbox 564 1644 631 1703; x_wconf 92' lang='lat' dir='ltr'><strong>tam</strong></span> <span class='ocrx_word' id='word_1_90' title='bbox 653 1658 711 1722; x_wconf 91' lang='lat' dir='ltr'><strong>pro</strong></span> <span class='ocrx_word' id='word_1_91' title='bbox 731 1643 863 1704; x_wconf 87' lang='lat' dir='ltr'><strong>auctore</strong></span> <span class='ocrx_word' id='word_1_92' title='bbox 886 1657 981 1721; x_wconf 90' lang='lat' dir='ltr'><strong>quam</strong></span> <span class='ocrx_word' id='word_1_93' title='bbox 1004 1637 1165 1704; x_wconf 87' lang='lat' dir='ltr'><strong>imitatore</strong></span> <span class='ocrx_word' id='word_1_94' title='bbox 1188 1639 1321 1706; x_wconf 89' lang='lat' dir='ltr'><strong>alterius</strong></span> 
     </span>
     <span class='ocr_line' id='line_1_13' title="bbox 208 1743 1321 1832; baseline 0.002 -22"><span class='ocrx_word' id='word_1_95' title='bbox 208 1746 285 1832; x_wconf 92' lang='lat' dir='ltr'><strong>poni</strong></span> <span class='ocrx_word' id='word_1_96' title='bbox 298 1765 396 1831; x_wconf 90' lang='lat' dir='ltr'><strong>posse</strong></span> <span class='ocrx_word' id='word_1_97' title='bbox 409 1743 545 1810; x_wconf 81' lang='lat' dir='ltr'><strong>videtur.</strong></span> <span class='ocrx_word' id='word_1_98' title='bbox 591 1743 683 1821; x_wconf 77' lang='lat' dir='ltr'><strong>Quae</strong></span> <span class='ocrx_word' id='word_1_99' title='bbox 697 1765 769 1810; x_wconf 94' lang='lat' dir='ltr'><strong>cum</strong></span> <span class='ocrx_word' id='word_1_100' title='bbox 783 1745 830 1809; x_wconf 91' lang='lat' dir='ltr'><strong>ita</strong></span> <span class='ocrx_word' id='word_1_101' title='bbox 845 1744 917 1829; x_wconf 86' lang='lat' dir='ltr'><strong>siut,</strong></span> <span class='ocrx_word' id='word_1_102' title='bbox 940 1744 1145 1811; x_wconf 90' lang='lat' dir='ltr'><strong>nihilominus</strong></span> <span class='ocrx_word' id='word_1_103' title='bbox 1159 1752 1321 1831; x_wconf 89' lang='lat' dir='ltr'><strong>postremo</strong></span> 
     </span>
     <span class='ocr_line' id='line_1_14' title="bbox 208 1851 1322 1937; baseline 0.001 -19"><span class='ocrx_word' id='word_1_104' title='bbox 208 1852 339 1918; x_wconf 68' lang='lat' dir='ltr'><strong>mudena</strong></span> <span class='ocrx_word' id='word_1_105' title='bbox 366 1852 514 1918; x_wconf 90' lang='lat' dir='ltr'><strong>Blassius</strong></span> <span class='ocrx_word' id='word_1_106' title='bbox 525 1853 549 1932; x_wconf 89' lang='lat'><strong>¹)</strong></span> <span class='ocrx_word' id='word_1_107' title='bbox 578 1852 663 1937; x_wconf 89' lang='lat' dir='ltr'><strong>ipse,</strong></span> <span class='ocrx_word' id='word_1_108' title='bbox 699 1851 846 1935; x_wconf 86' lang='lat' dir='ltr'><strong>quamvis</strong></span> <span class='ocrx_word' id='word_1_109' title='bbox 876 1859 973 1917; x_wconf 89' lang='lat' dir='ltr'><strong>antea</strong></span> <span class='ocrx_word' id='word_1_110' title='bbox 1000 1851 1193 1918; x_wconf 86' lang='lat' dir='ltr'><strong>adversatus</strong></span> <span class='ocrx_word' id='word_1_111' title='bbox 1227 1860 1322 1937; x_wconf 87' lang='lat' dir='ltr'><strong>esset,</strong></span> 
     </span>
     <span class='ocr_line' id='line_1_15' title="bbox 208 1956 1321 2044; baseline 0 -21"><span class='ocrx_word' id='word_1_112' title='bbox 208 1959 274 2025; x_wconf 91' lang='lat' dir='ltr'><strong>illis</strong></span> <span class='ocrx_word' id='word_1_113' title='bbox 303 1958 493 2043; x_wconf 84' lang='lat' dir='ltr'><strong>panegyrici</strong></span> <span class='ocrx_word' id='word_1_114' title='bbox 523 1958 605 2023; x_wconf 90' lang='lat' dir='ltr'><strong>locis</strong></span> <span class='ocrx_word' id='word_1_115' title='bbox 638 1964 814 2023; x_wconf 90' lang='lat' dir='ltr'><strong>commotus</strong></span> <span class='ocrx_word' id='word_1_116' title='bbox 846 1957 985 2042; x_wconf 90' lang='lat' dir='ltr'><strong>priorem</strong></span> <span class='ocrx_word' id='word_1_117' title='bbox 1018 1956 1134 2025; x_wconf 89' lang='lat' dir='ltr'><strong>saltem</strong></span> <span class='ocrx_word' id='word_1_118' title='bbox 1163 1957 1321 2044; x_wconf 87' lang='lat' dir='ltr'><strong>epitaphii</strong></span> 
     </span>
     <span class='ocr_line' id='line_1_16' title="bbox 209 2063 1321 2151; baseline 0.001 -21"><span class='ocrx_word' id='word_1_119' title='bbox 209 2071 350 2131; x_wconf 88' lang='lat' dir='ltr'><strong>aetatem</strong></span> <span class='ocrx_word' id='word_1_120' title='bbox 364 2065 531 2131; x_wconf 85' lang='lat' dir='ltr'><strong>concessit.</strong></span> <span class='ocrx_word' id='word_1_121' title='bbox 570 2063 678 2141; x_wconf 79' lang='lat' dir='ltr'><strong>Quid?</strong></span> <span class='ocrx_word' id='word_1_122' title='bbox 693 2064 722 2130; x_wconf 92' lang='lat' dir='ltr'><strong>si</strong></span> <span class='ocrx_word' id='word_1_123' title='bbox 737 2064 769 2130; x_wconf 92' lang='lat' dir='ltr'><strong>in</strong></span> <span class='ocrx_word' id='word_1_124' title='bbox 784 2065 866 2150; x_wconf 88' lang='lat' dir='ltr'><strong>ipsis</strong></span> <span class='ocrx_word' id='word_1_125' title='bbox 880 2084 1007 2149; x_wconf 88' lang='lat' dir='ltr'><strong>quoque</strong></span> <span class='ocrx_word' id='word_1_126' title='bbox 1021 2065 1128 2132; x_wconf 83' lang='lat' dir='ltr'><strong>verbis</strong></span> <span class='ocrx_word' id='word_1_127' title='bbox 1142 2063 1321 2151; x_wconf 87' lang='lat' dir='ltr'><strong>desumptis</strong></span> 
     </span>
     <span class='ocr_line' id='line_1_17' title="bbox 208 2171 1321 2256; baseline 0 -17"><span class='ocrx_word' id='word_1_128' title='bbox 208 2180 316 2239; x_wconf 87' lang='lat' dir='ltr'><strong>tamen</strong></span> <span class='ocrx_word' id='word_1_129' title='bbox 342 2192 438 2237; x_wconf 90' lang='lat' dir='ltr'><strong>unum</strong></span> <span class='ocrx_word' id='word_1_130' title='bbox 465 2173 581 2238; x_wconf 86' lang='lat' dir='ltr'><strong>saltem</strong></span> <span class='ocrx_word' id='word_1_131' title='bbox 609 2171 756 2255; x_wconf 85' lang='lat' dir='ltr'><strong>quamvis</strong></span> <span class='ocrx_word' id='word_1_132' title='bbox 788 2192 922 2256; x_wconf 84' lang='lat' dir='ltr'><strong>parvum</strong></span> <span class='ocrx_word' id='word_1_133' title='bbox 951 2171 1104 2237; x_wconf 92' lang='lat' dir='ltr'><strong>indicium</strong></span> <span class='ocrx_word' id='word_1_134' title='bbox 1132 2171 1321 2239; x_wconf 90' lang='lat' dir='ltr'><strong>imitationis</strong></span> 
     </span>
     <span class='ocr_line' id='line_1_18' title="bbox 208 2277 1319 2365; baseline -0.001 -21"><span class='ocrx_word' id='word_1_135' title='bbox 208 2280 241 2345; x_wconf 92' lang='lat' dir='ltr'><strong>in</strong></span> <span class='ocrx_word' id='word_1_136' title='bbox 254 2280 452 2365; x_wconf 86' lang='lat' dir='ltr'><strong>panegyrico</strong></span> <span class='ocrx_word' id='word_1_137' title='bbox 466 2279 659 2362; x_wconf 84' lang='lat' dir='ltr'><strong>nativaeque</strong></span> <span class='ocrx_word' id='word_1_138' title='bbox 673 2277 793 2344; x_wconf 89' lang='lat' dir='ltr'><strong>indolis</strong></span> <span class='ocrx_word' id='word_1_139' title='bbox 812 2278 846 2344; x_wconf 92' lang='lat' dir='ltr'><strong>iu</strong></span> <span class='ocrx_word' id='word_1_140' title='bbox 861 2277 1025 2364; x_wconf 89' lang='lat' dir='ltr'><strong>epitaphio</strong></span> <span class='ocrx_word' id='word_1_141' title='bbox 1040 2277 1319 2364; x_wconf 89' lang='lat' dir='ltr'><strong>deprehendimus.</strong></span> 
     </span>
     <span class='ocr_line' id='line_1_19' title="bbox 210 2384 1321 2471; baseline -0.002 -18"><span class='ocrx_word' id='word_1_142' title='bbox 210 2386 326 2453; x_wconf 90' lang='lat' dir='ltr'><strong>Orator</strong></span> <span class='ocrx_word' id='word_1_143' title='bbox 359 2386 441 2452; x_wconf 94' lang='lat' dir='ltr'><strong>enim</strong></span> <span class='ocrx_word' id='word_1_144' title='bbox 475 2392 606 2452; x_wconf 90' lang='lat' dir='ltr'><strong>nostrae</strong></span> <span class='ocrx_word' id='word_1_145' title='bbox 639 2385 857 2471; x_wconf 87' lang='lat' dir='ltr'><strong>laudationis,</strong></span> <span class='ocrx_word' id='word_1_146' title='bbox 893 2391 1065 2470; x_wconf 91' lang='lat' dir='ltr'><strong>postquam</strong></span> <span class='ocrx_word' id='word_1_147' title='bbox 1096 2384 1200 2451; x_wconf 91' lang='lat' dir='ltr'><strong>cladis</strong></span> <span class='ocrx_word' id='word_1_148' title='bbox 1232 2385 1321 2451; x_wconf 87' lang='lat' dir='ltr'><strong>illius</strong></span> 
     </span>
     <span class='ocr_line' id='line_1_20' title="bbox 208 2491 1323 2579; baseline -0.003 -20"><span class='ocrx_word' id='word_1_149' title='bbox 208 2493 252 2559; x_wconf 93' lang='lat' dir='ltr'><strong>ad</strong></span> <span class='ocrx_word' id='word_1_150' title='bbox 283 2495 392 2577; x_wconf 87' lang='lat' dir='ltr'><strong>Aegos</strong></span> <span class='ocrx_word' id='word_1_151' title='bbox 430 2491 547 2560; x_wconf 90' lang='lat' dir='ltr'><strong>flumen</strong></span> <span class='ocrx_word' id='word_1_152' title='bbox 583 2492 832 2559; x_wconf 88' lang='lat' dir='ltr'><strong>Atheniensibus</strong></span> <span class='ocrx_word' id='word_1_153' title='bbox 869 2492 981 2557; x_wconf 89' lang='lat' dir='ltr'><strong>illatae</strong></span> <span class='ocrx_word' id='word_1_154' title='bbox 1013 2492 1206 2558; x_wconf 84' lang='lat' dir='ltr'><strong>mentionem</strong></span> <span class='ocrx_word' id='word_1_155' title='bbox 1237 2491 1323 2579; x_wconf 82' lang='lat' dir='ltr'><strong>feeit,</strong></span> 
     </span>
     <span class='ocr_line' id='line_1_21' title="bbox 207 2586 1322 2687; baseline 0 -21"><span class='ocrx_word' id='word_1_156' title='bbox 207 2600 269 2666; x_wconf 90' lang='lat' dir='ltr'><strong>hoc</strong></span> <span class='ocrx_word' id='word_1_157' title='bbox 282 2600 378 2665; x_wconf 90' lang='lat' dir='ltr'><strong>modo</strong></span> <span class='ocrx_word' id='word_1_158' title='bbox 391 2600 498 2685; x_wconf 84' lang='lat' dir='ltr'><strong>pergit</strong></span> <span class='ocrx_word' id='word_1_159' title='bbox 510 2602 530 2680; x_wconf 78' lang='lat'><strong>§</strong></span> <span class='ocrx_word' id='word_1_160' title='bbox 544 2601 606 2666; x_wconf 82' lang='lat'><strong>59:</strong></span> <span class='ocrx_word' id='word_1_161' title='bbox 630 2598 757 2685; x_wconf 75' lang='grc' dir='ltr'>ἑτέρων</span> <span class='ocrx_word' id='word_1_162' title='bbox 771 2586 959 2686; x_wconf 78' lang='grc' dir='ltr'>ἡγεμόνων</span> <span class='ocrx_word' id='word_1_163' title='bbox 973 2606 1137 2687; x_wconf 74' lang='grc' dir='ltr'>γενομένων</span> <span class='ocrx_word' id='word_1_164' title='bbox 1150 2599 1322 2687; x_wconf 75' lang='grc' dir='ltr'>ἐνίκησαν</span> 
     </span>
     <span class='ocr_line' id='line_1_22' title="bbox 209 2705 1320 2795; baseline -0.001 -22"><span class='ocrx_word' id='word_1_165' title='bbox 209 2715 270 2795; x_wconf 83' lang='grc' dir='ltr'><strong>μὲν</strong></span> <span class='ocrx_word' id='word_1_166' title='bbox 293 2717 575 2795; x_wconf 76' lang='grc' dir='ltr'>ναυμαχοῦντες.</span> <span class='ocrx_word' id='word_1_167' title='bbox 620 2707 695 2772; x_wconf 82' lang='lat' dir='ltr'><strong>Toti</strong></span> <span class='ocrx_word' id='word_1_168' title='bbox 709 2706 785 2771; x_wconf 91' lang='lat' dir='ltr'><strong>huie</strong></span> <span class='ocrx_word' id='word_1_169' title='bbox 799 2706 870 2773; x_wconf 79' lang='lat' dir='ltr'><strong>laco</strong></span> <span class='ocrx_word' id='word_1_170' title='bbox 891 2706 937 2772; x_wconf 88' lang='lat' dir='ltr'><strong>sic</strong></span> <span class='ocrx_word' id='word_1_171' title='bbox 951 2705 1126 2792; x_wconf 89' lang='lat' dir='ltr'><strong>respondet</strong></span> <span class='ocrx_word' id='word_1_172' title='bbox 1138 2706 1180 2774; x_wconf 91' lang='lat' dir='ltr'><strong>Is.</strong></span> <span class='ocrx_word' id='word_1_173' title='bbox 1194 2709 1224 2792; x_wconf 89' lang='lat'><strong>4,</strong></span> <span class='ocrx_word' id='word_1_174' title='bbox 1242 2708 1320 2773; x_wconf 89' lang='lat'>119:</span> 
     </span>
     <span class='ocr_line' id='line_1_23' title="bbox 209 2811 1322 2902; baseline 0 -22"><span class='ocrx_word' id='word_1_175' title='bbox 209 2820 284 2902; x_wconf 77' lang='grc' dir='ltr'>μετὰ</span> <span class='ocrx_word' id='word_1_176' title='bbox 320 2819 376 2899; x_wconf 87' lang='grc' dir='ltr'><strong>γὰρ</strong></span> <span class='ocrx_word' id='word_1_177' title='bbox 413 2819 469 2901; x_wconf 78' lang='grc' dir='ltr'><strong>την</strong></span> <span class='ocrx_word' id='word_1_178' title='bbox 505 2814 537 2879; x_wconf 78' lang='grc' dir='ltr'><strong>ἐν</strong></span> <span class='ocrx_word' id='word_1_179' title='bbox 570 2811 788 2900; x_wconf 83' lang='grc' dir='ltr'>Ἑλλησπόντῳ</span> <span class='ocrx_word' id='word_1_180' title='bbox 824 2820 988 2901; x_wconf 75' lang='grc' dir='ltr'>γενομένην</span> <span class='ocrx_word' id='word_1_181' title='bbox 1025 2813 1154 2900; x_wconf 85' lang='grc' dir='ltr'>ἀτοχίαν</span> <span class='ocrx_word' id='word_1_182' title='bbox 1190 2812 1322 2899; x_wconf 77' lang='grc' dir='ltr'>ἑτέρων</span> 
     </span>
     <span class='ocr_line' id='line_1_24' title="bbox 209 2918 1322 3009; baseline -0.002 -23"><span class='ocrx_word' id='word_1_183' title='bbox 209 2919 395 3009; x_wconf 82' lang='grc' dir='ltr'>ἡγεμόνων</span> <span class='ocrx_word' id='word_1_184' title='bbox 417 2926 634 2988; x_wconf 80' lang='grc' dir='ltr'>καταστάντων</span> <span class='ocrx_word' id='word_1_185' title='bbox 661 2921 836 3007; x_wconf 78' lang='grc' dir='ltr'>ἐνίκησαν</span> <span class='ocrx_word' id='word_1_186' title='bbox 863 2926 924 3007; x_wconf 81' lang='grc' dir='ltr'><strong>μὲν</strong></span> <span class='ocrx_word' id='word_1_187' title='bbox 954 2918 981 2986; x_wconf 78' lang='grc' dir='ltr'><strong>οἱ</strong></span> <span class='ocrx_word' id='word_1_188' title='bbox 1009 2923 1153 3006; x_wconf 80' lang='grc' dir='ltr'>βάρβαροι</span> <span class='ocrx_word' id='word_1_189' title='bbox 1181 2942 1322 3007; x_wconf 77' lang='lat' dir='ltr'><strong>vappa·</strong></span> 
     </span>
     <span class='ocr_line' id='line_1_25' title="bbox 209 3025 1322 3115; baseline -0.002 -21"><span class='ocrx_word' id='word_1_190' title='bbox 209 3038 370 3115; x_wconf 76' lang='grc' dir='ltr'>χοῦντες.</span> <span class='ocrx_word' id='word_1_191' title='bbox 416 3027 577 3094; x_wconf 85' lang='lat' dir='ltr'><strong>Isocrates</strong></span> <span class='ocrx_word' id='word_1_192' title='bbox 603 3027 702 3112; x_wconf 88' lang='lat' dir='ltr'><strong>igitur</strong></span> <span class='ocrx_word' id='word_1_193' title='bbox 729 3027 929 3113; x_wconf 88' lang='lat' dir='ltr'><strong>epitaphium</strong></span> <span class='ocrx_word' id='word_1_194' title='bbox 957 3027 1141 3094; x_wconf 84' lang='lat' dir='ltr'><strong>exscribens</strong></span> <span class='ocrx_word' id='word_1_195' title='bbox 1168 3025 1322 3092; x_wconf 85' lang='lat' dir='ltr'><strong>videlicet</strong></span> 
     </span>
     <span class='ocr_line' id='line_1_26' title="bbox 208 3132 1323 3222; baseline -0.002 -22"><span class='ocrx_word' id='word_1_196' title='bbox 208 3142 338 3222; x_wconf 89' lang='lat' dir='ltr'><strong>propter</strong></span> <span class='ocrx_word' id='word_1_197' title='bbox 360 3135 504 3221; x_wconf 86' lang='lat' dir='ltr'><strong>proxime</strong></span> <span class='ocrx_word' id='word_1_198' title='bbox 519 3134 719 3220; x_wconf 90' lang='lat' dir='ltr'><strong>praecedens</strong></span> <span class='ocrx_word' id='word_1_199' title='bbox 743 3141 915 3222; x_wconf 71' lang='grc' dir='ltr'>γενομένην,</span> <span class='ocrx_word' id='word_1_200' title='bbox 942 3135 1062 3220; x_wconf 86' lang='lat' dir='ltr'><strong>quippe</strong></span> <span class='ocrx_word' id='word_1_201' title='bbox 1085 3132 1172 3218; x_wconf 90' lang='lat' dir='ltr'><strong>quod</strong></span> <span class='ocrx_word' id='word_1_202' title='bbox 1190 3135 1323 3200; x_wconf 88' lang='lat' dir='ltr'><strong>verbum</strong></span> 
     </span>
     <span class='ocr_line' id='line_1_27' title="bbox 209 3239 1322 3327; baseline -0.003 -20"><span class='ocrx_word' id='word_1_203' title='bbox 209 3244 242 3307; x_wconf 93' lang='lat' dir='ltr'><strong>in</strong></span> <span class='ocrx_word' id='word_1_204' title='bbox 264 3243 321 3308; x_wconf 92' lang='lat' dir='ltr'><strong>illa</strong></span> <span class='ocrx_word' id='word_1_205' title='bbox 345 3242 473 3327; x_wconf 90' lang='lat' dir='ltr'><strong>quidem</strong></span> <span class='ocrx_word' id='word_1_206' title='bbox 495 3242 657 3308; x_wconf 84' lang='lat' dir='ltr'><strong>iunctione</strong></span> <span class='ocrx_word' id='word_1_207' title='bbox 681 3243 761 3307; x_wconf 88' lang='lat' dir='ltr'><strong>satis</strong></span> <span class='ocrx_word' id='word_1_208' title='bbox 785 3242 939 3307; x_wconf 86' lang='lat' dir='ltr'><strong>usitatum</strong></span> <span class='ocrx_word' id='word_1_209' title='bbox 963 3261 1003 3307; x_wconf 89' lang='lat' dir='ltr'><strong>ao</strong></span> <span class='ocrx_word' id='word_1_210' title='bbox 1026 3240 1135 3306; x_wconf 90' lang='lat' dir='ltr'><strong>tritum</strong></span> <span class='ocrx_word' id='word_1_211' title='bbox 1159 3240 1209 3325; x_wconf 90' lang='lat' dir='ltr'><strong>sit,</strong></span> <span class='ocrx_word' id='word_1_212' title='bbox 1231 3239 1322 3304; x_wconf 88' lang='lat' dir='ltr'><strong>illam</strong></span> 
     </span>
    </p>
   </div>
   <div class='ocr_carea' id='block_1_3' title="bbox 209 3346 1460 3434">
    <p class='ocr_par' dir='ltr' id='par_1_3' title="bbox 209 3346 1460 3434">
     <span class='ocr_line' id='line_1_28' title="bbox 209 3346 1460 3434; baseline 0 -21"><span class='ocrx_word' id='word_1_213' title='bbox 209 3349 329 3433; x_wconf 81' lang='lat' dir='ltr'><strong>Lysiae</strong></span> <span class='ocrx_word' id='word_1_214' title='bbox 351 3369 462 3416; x_wconf 90' lang='lat' dir='ltr'><strong>vocem</strong></span> <span class='ocrx_word' id='word_1_215' title='bbox 486 3349 706 3434; x_wconf 85' lang='lat' dir='ltr'><strong>commutavit,</strong></span> <span class='ocrx_word' id='word_1_216' title='bbox 735 3368 805 3414; x_wconf 89' lang='lat' dir='ltr'><strong>cum</strong></span> <span class='ocrx_word' id='word_1_217' title='bbox 830 3348 1031 3414; x_wconf 87' lang='lat' dir='ltr'><strong>econtrario</strong></span> <span class='ocrx_word' id='word_1_218' title='bbox 1055 3346 1245 3432; x_wconf 87' lang='lat' dir='ltr'><strong>compilator</strong></span> <span class='ocrx_word' id='word_1_219' title='bbox 1267 3346 1323 3412; x_wconf 92' lang='lat' dir='ltr'><strong>ille</strong></span> <span class='ocrx_word' id='word_1_220' title='bbox 1451 3396 1460 3413; x_wconf 90' lang='lat'><strong>.</strong></span> 
     </span>
    </p>
   </div>
   <div class='ocr_carea' id='block_1_4' title="bbox 209 3453 1323 4288">
    <p class='ocr_par' dir='ltr' id='par_1_4' title="bbox 209 3453 1323 4288">
     <span class='ocr_line' id='line_1_29' title="bbox 211 3453 1323 3542; baseline -0.002 -22"><span class='ocrx_word' id='word_1_221' title='bbox 211 3456 265 3540; x_wconf 90' lang='lat' dir='ltr'><strong>qui</strong></span> <span class='ocrx_word' id='word_1_222' title='bbox 289 3455 428 3522; x_wconf 90' lang='lat' dir='ltr'><strong>creditur</strong></span> <span class='ocrx_word' id='word_1_223' title='bbox 442 3457 631 3542; x_wconf 89' lang='lat' dir='ltr'><strong>panegyrici</strong></span> <span class='ocrx_word' id='word_1_224' title='bbox 654 3477 718 3521; x_wconf 92' lang='lat' dir='ltr'><strong>non</strong></span> <span class='ocrx_word' id='word_1_225' title='bbox 739 3456 908 3521; x_wconf 88' lang='lat' dir='ltr'><strong>habiturus</strong></span> <span class='ocrx_word' id='word_1_226' title='bbox 923 3453 1027 3538; x_wconf 76' lang='lat' dir='ltr'><strong>merit,</strong></span> <span class='ocrx_word' id='word_1_227' title='bbox 1051 3474 1108 3520; x_wconf 90' lang='lat' dir='ltr'><strong>eur</strong></span> <span class='ocrx_word' id='word_1_228' title='bbox 1130 3453 1323 3520; x_wconf 91' lang='lat' dir='ltr'><strong>contrariam</strong></span> 
     </span>
     <span class='ocr_line' id='line_1_30' title="bbox 211 3560 1323 3647; baseline -0.001 -20"><span class='ocrx_word' id='word_1_229' title='bbox 211 3564 489 3629; x_wconf 86' lang='lat' dir='ltr'><strong>commutationem</strong></span> <span class='ocrx_word' id='word_1_230' title='bbox 512 3564 635 3630; x_wconf 86' lang='lat' dir='ltr'><strong>faceret</strong></span> <span class='ocrx_word' id='word_1_231' title='bbox 657 3583 761 3647; x_wconf 88' lang='lat' dir='ltr'><strong>neque</strong></span> <span class='ocrx_word' id='word_1_232' title='bbox 775 3563 874 3629; x_wconf 83' lang='lat' dir='ltr'><strong>verba</strong></span> <span class='ocrx_word' id='word_1_233' title='bbox 897 3561 1024 3645; x_wconf 86' lang='lat' dir='ltr'><strong>integra</strong></span> <span class='ocrx_word' id='word_1_234' title='bbox 1046 3562 1213 3647; x_wconf 87' lang='lat' dir='ltr'><strong>reciperet.</strong></span> <span class='ocrx_word' id='word_1_235' title='bbox 1251 3560 1323 3626; x_wconf 91' lang='lat' dir='ltr'><strong>Huc</strong></span> 
     </span>
     <span class='ocr_line' id='line_1_31' title="bbox 211 3667 1323 3754; baseline -0.002 -20"><span class='ocrx_word' id='word_1_236' title='bbox 211 3670 347 3754; x_wconf 89' lang='lat' dir='ltr'><strong>accedit,</strong></span> <span class='ocrx_word' id='word_1_237' title='bbox 370 3670 455 3754; x_wconf 88' lang='lat' dir='ltr'><strong>quod</strong></span> <span class='ocrx_word' id='word_1_238' title='bbox 478 3671 512 3736; x_wconf 93' lang='lat' dir='ltr'><strong>in</strong></span> <span class='ocrx_word' id='word_1_239' title='bbox 532 3671 635 3737; x_wconf 87' lang='lat' dir='ltr'><strong>altera</strong></span> <span class='ocrx_word' id='word_1_240' title='bbox 657 3671 715 3736; x_wconf 90' lang='lat' dir='ltr'><strong>illa</strong></span> <span class='ocrx_word' id='word_1_241' title='bbox 730 3668 887 3736; x_wconf 90' lang='lat' dir='ltr'><strong>eiusmodi</strong></span> <span class='ocrx_word' id='word_1_242' title='bbox 910 3667 1073 3734; x_wconf 86' lang='lat' dir='ltr'><strong>iunctione</strong></span> <span class='ocrx_word' id='word_1_243' title='bbox 1096 3668 1179 3734; x_wconf 87' lang='lat' dir='ltr'><strong>sicut</strong></span> <span class='ocrx_word' id='word_1_244' title='bbox 1192 3668 1323 3733; x_wconf 83' lang='lat' dir='ltr'><strong>verbum</strong></span> 
     </span>
     <span class='ocr_line' id='line_1_32' title="bbox 210 3774 1322 3866; baseline -0.001 -25"><span class='ocrx_word' id='word_1_245' title='bbox 210 3790 398 3866; x_wconf 78' lang='grc' dir='ltr'>καταστῆναι</span> <span class='ocrx_word' id='word_1_246' title='bbox 411 3778 517 3862; x_wconf 90' lang='lat' dir='ltr'><strong>magis</strong></span> <span class='ocrx_word' id='word_1_247' title='bbox 530 3779 694 3863; x_wconf 88' lang='lat' dir='ltr'><strong>Isocratis,</strong></span> <span class='ocrx_word' id='word_1_248' title='bbox 717 3778 764 3843; x_wconf 89' lang='lat' dir='ltr'><strong>ita</strong></span> <span class='ocrx_word' id='word_1_249' title='bbox 778 3780 921 3861; x_wconf 75' lang='grc' dir='ltr'>γενέσθαι</span> <span class='ocrx_word' id='word_1_250' title='bbox 940 3774 1045 3859; x_wconf 88' lang='lat' dir='ltr'><strong>magis</strong></span> <span class='ocrx_word' id='word_1_251' title='bbox 1059 3774 1180 3859; x_wconf 87' lang='lat' dir='ltr'><strong>Lysiae</strong></span> <span class='ocrx_word' id='word_1_252' title='bbox 1194 3774 1322 3858; x_wconf 88' lang='lat' dir='ltr'><strong>quidem</strong></span> 
     </span>
     <span class='ocr_line' id='line_1_33' title="bbox 209 3882 1323 3971; baseline -0.004 -20"><span class='ocrx_word' id='word_1_253' title='bbox 209 3883 337 3951; x_wconf 90' lang='lat' dir='ltr'><strong>videtur</strong></span> <span class='ocrx_word' id='word_1_254' title='bbox 364 3905 437 3951; x_wconf 92' lang='lat' dir='ltr'><strong>esse</strong></span> <span class='ocrx_word' id='word_1_255' title='bbox 463 3885 634 3971; x_wconf 90' lang='lat' dir='ltr'><strong>proprium.</strong></span> <span class='ocrx_word' id='word_1_256' title='bbox 681 3885 747 3952; x_wconf 87' lang='lat' dir='ltr'><strong>Sed</strong></span> <span class='ocrx_word' id='word_1_257' title='bbox 775 3884 839 3949; x_wconf 90' lang='lat' dir='ltr'><strong>hac</strong></span> <span class='ocrx_word' id='word_1_258' title='bbox 867 3883 941 3968; x_wconf 89' lang='lat' dir='ltr'><strong>ipsa</strong></span> <span class='ocrx_word' id='word_1_259' title='bbox 972 3902 1008 3947; x_wconf 88' lang='lat' dir='ltr'><strong>re</strong></span> <span class='ocrx_word' id='word_1_260' title='bbox 1035 3902 1147 3949; x_wconf 88' lang='lat' dir='ltr'><strong>rursus</strong></span> <span class='ocrx_word' id='word_1_261' title='bbox 1175 3882 1323 3948; x_wconf 89' lang='lat' dir='ltr'><strong>reieimur</strong></span> 
     </span>
     <span class='ocr_line' id='line_1_34' title="bbox 211 3988 1323 4077; baseline -0.001 -20"><span class='ocrx_word' id='word_1_262' title='bbox 211 3991 255 4057; x_wconf 87' lang='lat' dir='ltr'><strong>ad</strong></span> <span class='ocrx_word' id='word_1_263' title='bbox 277 3993 439 4077; x_wconf 80' lang='lat' dir='ltr'><strong>propriam</strong></span> <span class='ocrx_word' id='word_1_264' title='bbox 462 3999 605 4058; x_wconf 91' lang='lat' dir='ltr'><strong>nostram</strong></span> <span class='ocrx_word' id='word_1_265' title='bbox 631 3990 814 4075; x_wconf 87' lang='lat' dir='ltr'><strong>inquirendi</strong></span> <span class='ocrx_word' id='word_1_266' title='bbox 837 3990 1006 4075; x_wconf 88' lang='lat' dir='ltr'><strong>rationem,</strong></span> <span class='ocrx_word' id='word_1_267' title='bbox 1036 4009 1119 4073; x_wconf 89' lang='lat' dir='ltr'><strong>quae</strong></span> <span class='ocrx_word' id='word_1_268' title='bbox 1142 3988 1250 4074; x_wconf 89' lang='lat' dir='ltr'><strong>posita</strong></span> <span class='ocrx_word' id='word_1_269' title='bbox 1274 3996 1323 4056; x_wconf 89' lang='lat' dir='ltr'><strong>est</strong></span> 
     </span>
     <span class='ocr_line' id='line_1_35' title="bbox 210 4096 1321 4185; baseline -0.002 -22"><span class='ocrx_word' id='word_1_270' title='bbox 210 4100 244 4164; x_wconf 91' lang='lat' dir='ltr'><strong>in</strong></span> <span class='ocrx_word' id='word_1_271' title='bbox 267 4099 423 4185; x_wconf 90' lang='lat' dir='ltr'><strong>epitaphii</strong></span> <span class='ocrx_word' id='word_1_272' title='bbox 445 4098 590 4184; x_wconf 88' lang='lat' dir='ltr'><strong>Lysiana</strong></span> <span class='ocrx_word' id='word_1_273' title='bbox 617 4099 747 4182; x_wconf 89' lang='lat' dir='ltr'><strong>quidem</strong></span> <span class='ocrx_word' id='word_1_274' title='bbox 768 4097 878 4164; x_wconf 92' lang='lat' dir='ltr'><strong>indole</strong></span> <span class='ocrx_word' id='word_1_275' title='bbox 901 4096 1162 4163; x_wconf 88' lang='lat' dir='ltr'><strong>demonstranda.</strong></span> <span class='ocrx_word' id='word_1_276' title='bbox 1206 4096 1321 4179; x_wconf 86' lang='lat' dir='ltr'><strong>Itaque</strong></span> 
     </span>
     <span class='ocr_line' id='line_1_36' title="bbox 210 4200 1321 4288; baseline -0.004 -18"><span class='ocrx_word' id='word_1_277' title='bbox 210 4224 295 4270; x_wconf 91' lang='lat' dir='ltr'><strong>nunc</strong></span> <span class='ocrx_word' id='word_1_278' title='bbox 322 4205 415 4288; x_wconf 86' lang='lat' dir='ltr'><strong>quasi</strong></span> <span class='ocrx_word' id='word_1_279' title='bbox 444 4207 599 4271; x_wconf 91' lang='lat' dir='ltr'><strong>ambabus</strong></span> <span class='ocrx_word' id='word_1_280' title='bbox 627 4204 679 4271; x_wconf 91' lang='lat' dir='ltr'><strong>his</strong></span> <span class='ocrx_word' id='word_1_281' title='bbox 702 4205 945 4288; x_wconf 88' lang='lat' dir='ltr'><strong>quaestionibus</strong></span> <span class='ocrx_word' id='word_1_282' title='bbox 973 4204 1057 4270; x_wconf 89' lang='lat' dir='ltr'><strong>inter</strong></span> <span class='ocrx_word' id='word_1_283' title='bbox 1085 4224 1121 4270; x_wconf 90' lang='lat' dir='ltr'><strong>se</strong></span> <span class='ocrx_word' id='word_1_284' title='bbox 1144 4200 1321 4269; x_wconf 90' lang='lat' dir='ltr'><strong>coniunctis</strong></span> 
     </span>
    </p>
   </div>
   <div class='ocr_carea' id='block_1_5' title="bbox 285 4433 833 4507">
    <p class='ocr_par' dir='ltr' id='par_1_5' title="bbox 285 4433 833 4507">
     <span class='ocr_line' id='line_1_37' title="bbox 285 4433 833 4507; baseline 0.004 -18"><span class='ocrx_word' id='word_1_285' title='bbox 285 4433 306 4504; x_wconf 83' lang='lat'><strong>¹)</strong></span> <span class='ocrx_word' id='word_1_286' title='bbox 324 4434 376 4491; x_wconf 89' lang='lat' dir='ltr'><strong>Die</strong></span> <span class='ocrx_word' id='word_1_287' title='bbox 395 4437 446 4491; x_wconf 80' lang='lat' dir='ltr'><strong>atr.</strong></span> <span class='ocrx_word' id='word_1_288' title='bbox 465 4437 571 4493; x_wconf 88' lang='lat' dir='ltr'><strong>Bereds.</strong></span> <span class='ocrx_word' id='word_1_289' title='bbox 590 4437 631 4491; x_wconf 91' lang='lat' dir='ltr'><strong>HI</strong></span> <span class='ocrx_word' id='word_1_290' title='bbox 650 4437 675 4503; x_wconf 77' lang='lat'><strong>2,</strong></span> <span class='ocrx_word' id='word_1_291' title='bbox 694 4455 721 4507; x_wconf 91' lang='lat' dir='ltr'><strong>p.</strong></span> <span class='ocrx_word' id='word_1_292' title='bbox 740 4437 793 4493; x_wconf 82' lang='lat'><strong>339</strong></span> <span class='ocrx_word' id='word_1_293' title='bbox 811 4455 833 4491; x_wconf 87' lang='lat' dir='ltr'><strong>s.</strong></span> 
     </span>
    </p>
   </div>
   <div class='ocr_carea' id='block_1_6' title="bbox 0 0 1561 4884">
    <p class='ocr_par' dir='ltr' id='par_1_6' title="bbox 0 0 1561 4884">
     <span class='ocr_line' id='line_1_38' title="bbox 0 0 1561 4884; baseline 0 0"><span class='ocrx_word' id='word_1_294' title='bbox 0 0 1561 4884; x_wconf 95' lang='lat' dir='ltr'><strong> </strong></span> 
     </span>
    </p>
   </div>
  </div>
 </body>
</html>
