3109 4884
751 342 769 405 7

200 535 355 602 orationis
391 535 465 620 ipsa
503 540 769 619 argumentoque,
806 533 957 618 quoniam
992 556 1057 599 non
1093 533 1137 599 ad
1168 533 1314 598 altiorem

200 641 361 727 quandam
383 642 541 707 rationem
562 647 716 708 revocata
746 645 820 706 sunt
847 641 995 725 omnique
1025 640 1176 706 interiore
1203 647 1314 707 carent

199 748 340 834 noculo,
368 748 604 832 quodammodo
634 750 684 814 sui
714 767 861 832 quaeque
888 748 968 814 iuris
993 754 1067 814 sunt
1089 754 1218 831 tamque
1240 747 1315 813 laxe

201 856 399 922 extrinsecus
435 876 562 940 quoque
597 855 680 921 inter
717 875 753 921 se
790 854 976 941 cohaerent,
1013 861 1049 921 ut
1085 855 1179 939 quasi
1214 853 1315 919 dilabi

201 962 381 1030 videantur.
442 962 537 1028 Certe
573 962 652 1028 solis
688 960 754 1028 illis
793 982 982 1047 semperque
1019 961 1176 1029 similibus
1212 968 1315 1027 trans-

202 1066 368 1153 grediendi
390 1069 559 1155 particulis
583 1075 726 1135 extrema
753 1074 877 1133 tantum
901 1070 1038 1136 annexio
1062 1069 1201 1154 partium
1230 1068 1314 1133 effici

201 1182 315 1262 potest.
362 1175 434 1253 Qua
466 1176 507 1242 de
537 1197 651 1261 causa,
682 1175 781 1260 idque
804 1176 899 1241 Plato
910 1177 935 1260 ¹)
968 1175 1009 1241 de
1039 1175 1158 1241 erotico
1186 1174 1315 1259 quidem

201 1290 313 1369 aperte
346 1283 520 1368 significat,
554 1284 682 1366 singula
715 1289 919 1368 argumenta,
951 1282 1015 1349 nisi
1047 1281 1130 1347 forte
1162 1282 1315 1366 temporis

202 1390 314 1457 ordine
334 1391 542 1475 eontinentur,
565 1390 609 1455 ad
622 1389 789 1455 libidinem
809 1390 891 1455 inter
911 1409 946 1456 se
960 1389 1167 1455 transmutari
1180 1387 1315 1474 possint,

201 1503 236 1563 ut
259 1498 318 1563 toti
340 1497 387 1563 rei
409 1498 488 1563 nihil
512 1497 680 1566 officiatur.
726 1497 811 1563 Huic
833 1497 932 1581 igitur
945 1496 1098 1582 'simplici
1122 1489 1225 1580 atque
1243 1494 1315 1559 illa-

201 1606 334 1670 boratae
365 1627 406 1673 ne
440 1605 545 1672 dicam
576 1606 648 1671 rudi
682 1605 875 1691 disponendi
909 1611 941 1672 et
973 1605 1167 1672 annectendi
1197 1603 1315 1669 rationi

202 1713 347 1780 subiecta
375 1719 425 1780 est
451 1720 518 1779 tam
540 1713 695 1780 historica
722 1713 781 1778 illa
802 1733 907 1778 rerum
931 1713 1015 1779 silva
1038 1711 1196 1798 epitaphii
1220 1731 1315 1795 quam

201 1819 374 1887 dialectica
409 1821 561 1887 materies
599 1821 720 1887 erotici.
771 1819 856 1898 Quin
894 1821 992 1887 etiam
1029 1841 1131 1904 genus
1162 1819 1315 1886 iudiciale

201 1927 288 1994 illius
326 1927 453 1993 solutae
485 1933 743 2010 argumentorum
774 1928 964 1993 annexionis
1001 1927 1098 1993 valde
1130 1927 1316 1992 memoriam

202 2034 322 2098 excitat
357 2040 454 2117 atque
489 2033 523 2098 in
559 2035 703 2099 oratione
738 2034 904 2117 Agoratea
941 2034 1095 2119 optimum
1136 2034 1230 2099 huius
1268 2034 1314 2098 rei

203 2140 383 2226 exemplum
405 2141 547 2225 praehet.
582 2139 730 2224 Denique
753 2141 905 2224 quoniam
926 2141 1045 2225 Lysias
1068 2141 1102 2205 in
1125 2139 1314 2225 exponendo

201 2268 222 2312 a
248 2248 345 2314 rebus
373 2247 471 2313 ordiri
499 2248 595 2333 solet,
627 2267 762 2314 neeesse
790 2255 840 2314 est
867 2248 900 2313 in
929 2248 998 2314 eius
1027 2247 1223 2313 orationibus
1247 2246 1315 2312 fere

201 2354 387 2420 historicum
415 2355 606 2421 elementum
633 2355 834 2440 praevaleat,
868 2355 1050 2439 generalior
1078 2361 1185 2420 autem
1213 2354 1313 2420 eonsi-

202 2459 337 2524 derandi
370 2467 466 2544 atque
498 2461 745 2545 argumentandi
776 2462 860 2527 ratio
891 2461 965 2547 plus
997 2462 1142 2528 minusve
1174 2460 1314 2527 recedat.

202 2567 249 2632 Ac
271 2566 538 2650 quemadmodum
561 2574 668 2633 orator
695 2569 729 2632 in
756 2588 874 2652 genere
901 2568 1045 2635 iudiciali
1072 2568 1116 2633 ad
1143 2589 1196 2635 res
1223 2569 1314 2653 ipsas

202 2695 238 2740 se
261 2675 406 2760 applicat
432 2676 465 2740 in
493 2676 534 2743 iis
563 2676 753 2743 enarrandis
781 2677 921 2743 breviter
944 2682 1068 2741 tantum
1097 2682 1129 2742 et
1152 2682 1314 2759 tamquam

202 2780 317 2847 furtive
348 2790 577 2866 argumentans
614 2791 712 2868 atque
748 2783 962 2869 persuadens,
1001 2783 1048 2849 sic
1084 2783 1117 2847 in
1149 2778 1314 2868 epitaphio

202 2907 327 2972 quoque
350 2889 446 2956 factis
468 2891 623 2957 maiorum
647 2890 836 2957 enarrandis
859 2890 1032 2955 maximam
1055 2895 1180 2975 partem
1202 2888 1313 2954 tribuit

201 2995 285 3061 inter
312 3016 369 3062 eas
398 2997 531 3063 strictim
565 3004 597 3064 et
624 2999 718 3082 quasi
749 3019 809 3084 per
836 3002 1042 3063 transennam
1071 2995 1189 3063 docens
1218 3003 1315 3080 atque

203 3102 384 3168 exhortans.

269 3209 542 3294 Compositionem
552 3210 709 3296 epitaphii
724 3218 759 3276 ut
772 3216 859 3277 reete
869 3210 1014 3277 iudicare
1029 3216 1127 3294 atque
1142 3210 1315 3275 aestimare

202 3315 376 3401 possimus,
404 3316 558 3384 historica
587 3316 827 3403 contemplandi
854 3318 938 3382 ratio
966 3317 1059 3383 nobis
1087 3316 1215 3383 videtur
1242 3336 1315 3382 esse

203 3422 423 3505 ingredienda.
455 3426 503 3491 Ac
516 3427 634 3511 Lysias
658 3426 691 3490 in
714 3432 869 3492 nascente
893 3431 925 3491 et
948 3430 1112 3491 crescente
1131 3424 1315 3508 eloquentia

202 3529 312 3594 Attica
334 3531 443 3597 nescio
467 3552 562 3616 quam
586 3533 782 3616 singularem
805 3553 844 3598 ac
857 3532 1066 3618 praecipuum
1087 3531 1193 3596 locum
1216 3536 1313 3598 tenet.

202 3637 284 3703 Nam
299 3657 491 3721 quamquam
514 3639 598 3705 inter
621 3660 730 3706 omnes
746 3646 873 3705 constat
895 3638 979 3704 hunc
1002 3645 1161 3703 oratorem
1176 3637 1311 3723 primum

203 3742 389 3828 simpliciori
412 3743 544 3811 dictioni
568 3767 698 3832 operam
721 3746 853 3812 dedisse
876 3753 972 3829 atque
996 3745 1078 3811 adeo
1101 3744 1201 3829 illius,
1230 3743 1315 3828 quod

204 3848 349 3916 omnibus
375 3842 493 3915 notum
512 3857 575 3936 est,
602 3852 765 3919 iudicialis
794 3852 923 3936 generis
951 3858 1114 3918 auctorem
1142 3850 1315 3935 exstitisse,

204 3962 311 4021 tamen
337 3978 401 4023 non
428 3958 533 4024 minus
564 3979 622 4043 pro
651 3967 738 4026 certo
768 3966 833 4026 stat
862 3959 998 4026 eundem
1025 3959 1167 4042 Gorgiae
1195 3965 1315 4025 cetero·

204 4083 337 4147 rumque
360 4065 536 4130 Siculorum
566 4065 740 4152 disciplina
769 4067 924 4133 imbutum
947 4066 1060 4151 fuisse,
1089 4067 1143 4151 qui
1171 4065 1315 4132 elabora·

204 4176 318 4236 verunt
339 4170 373 4235 in
396 4192 514 4254 genere
537 4172 594 4238 illo
618 4172 870 4240 demonstrativo
894 4173 938 4240 ad
962 4174 1210 4240 ostentationem
1232 4192 1314 4239 com-

204 4284 318 4364 parato
342 4284 438 4361 atque
452 4280 579 4366 poetico
603 4280 744 4365 quodam
758 4282 864 4348 colore
879 4281 1041 4350 distincto.
1088 4279 1196 4358 Quare
1210 4299 1315 4365 paene

279 4419 301 4490 ¹)
319 4420 467 4490 Phaedrus,
487 4422 569 4490 assa,
586 4424 614 4478 b.
