3109 4884
648 305 776 400 ,ss

193 498 382 586 generalius
414 498 571 583 loquitor,
613 506 711 583 atque
742 499 870 565 omuino
903 497 1007 564 altera
1039 520 1116 584 pars
1147 499 1309 585 orationis,

195 610 314 693 quippe
345 625 430 689 quae
462 625 584 691 perse
611 605 844 689 generaliorem
876 605 1109 690 expositionem
1140 606 1310 693 contineat,

197 714 325 802 proprie
359 712 537 798 Lysianam
568 712 696 778 dicendi
729 714 870 799 speciem
902 713 1066 798 praebent
1113 714 1180 780 Sed
1213 715 1310 780 etiam

198 824 282 887 intra
311 819 529 886 narrationem
560 819 665 905 ipsam
693 820 884 905 ubicumque
916 826 1024 885 orator
1054 840 1113 906 pro
1140 841 1206 915 'sua
1237 842 1309 887 cou-

197 926 369 996 suetudine
381 926 478 992 rebus
491 926 573 1010 ipsis
587 926 769 1011 profligatis
782 926 873 993 brevi
887 926 1027 1011 quadam
1042 928 1310 1012 contemplatione

201 1042 301 1118 atque
328 1032 532 1099 conclusione
559 1040 704 1119 perorat,
732 1033 937 1118 expressiora
958 1034 1099 1117 vestigia
1121 1034 1241 1119 Lysiae
1264 1036 1311 1101 iu-

199 1141 287 1226 geuii
310 1138 589 1225 deprehendimus.
625 1140 717 1207 Haec
738 1140 837 1224 igitur
859 1142 954 1225 quasi
969 1140 1130 1226 quaedam
1152 1141 1311 1209 lucidiora

197 1255 317 1335 puncta
330 1248 501 1333 Lysianae
517 1248 551 1313 in
574 1247 738 1334 epitaphio
763 1247 975 1334 expositionis
998 1248 1134 1334 primum
1157 1248 1311 1336 deinceps

197 1357 408 1444 inspiciamus
421 1355 613 1441 incipientes
637 1357 679 1422 ab
693 1355 835 1422 exordio.
880 1354 998 1422 Orator
1011 1355 1119 1423 dicero
1138 1356 1309 1425 exordiens

201 1485 236 1531 se
259 1469 402 1548 excusat,
424 1462 511 1547 quod
533 1462 712 1548 imparatus
734 1462 945 1547 aggrediatur
967 1463 1011 1529 ad
1032 1463 1215 1532 laudandos
1231 1486 1312 1531 mor·

198 1577 282 1656 tuos,
314 1571 480 1655 ingressus
512 1569 573 1637 sic:
605 1569 643 1634 Ei
674 1575 724 1657 μὲν
748 1568 883 1658 troipas
907 1569 1020 1637 οἷόντε
1042 1570 1244 1660 έναι-ἐπειδὴ
1269 1575 1311 1639 δέ.

199 1676 304 1744 Simili
336 1676 536 1761 ingressione
569 1682 602 1742 et
634 1682 793 1743 structura
824 1677 952 1763 patroni
984 1699 1104 1746 causac
1136 1679 1313 1745 orationem

198 1784 356 1870 incipiunt
382 1783 512 1851 veniam
534 1789 681 1869 petentes
708 1784 912 1871 ignoscendi,
935 1784 1021 1870 quod
1044 1787 1077 1852 in
1099 1785 1219 1853 iudicio
1241 1807 1312 1872 pro

198 1892 311 1978 deant,
336 1890 374 1960 fr,
399 1894 441 1958 88
464 1890 503 1955 Εἰ
524 1897 579 1979 μὲν
602 1890 665 1959 οἷόν
687 1891 714 1957 τ’
734 1892 862 1980 τῆν-ἐπεὶ
884 1894 929 1970 δέ,
954 1894 1005 1978 32,
1031 1896 1048 1960 1
1072 1891 1110 1957 Εἰ
1133 1893 1312 1981 μὲν-ἐπειδὴ

200 2007 310 2088 μέντοι.
355 1998 462 2082 Atque
491 1997 525 2063 in
551 1998 613 2065 hac
640 2019 676 2066 re
698 1998 845 2065 omuibus
866 1998 1048 2066 hominibus
1071 2020 1165 2067 omne
1187 2007 1313 2086 tempus

200 2127 265 2173 non
287 2106 393 2191 magis
409 2104 528 2172 sufficit
550 2105 595 2171 ad
617 2106 706 2172 facta
719 2113 914 2173 mortuorum
936 2126 994 2192 pro
1014 2105 1173 2192 dignitate
1186 2108 1313 2193 praedi-

200 2213 315 2299 canda,
338 2233 435 2298 quam
460 2215 545 2298 12‚1
570 2213 751 2279 accusatori
774 2214 931 2280 autvires
953 2221 1011 2279 aut
1024 2221 1152 2300 tompus
1166 2215 1314 2283 sufficere

200 2318 365 2404 finguntur
386 2319 430 2385 ad
453 2320 560 2386 omnia
574 2340 700 2386 reorum
718 2321 851 2388 crimina
865 2320 1056 2388 enarranda.
1104 2321 1170 2389 Sed
1194 2324 1314 2390 oratori

205 2428 241 2492 in
262 2426 379 2493 iudicio
392 2428 559 2494 accusanti
574 2430 718 2495 oratioue
742 2449 802 2495 soa
816 2435 982 2513 tamquam
1004 2430 1103 2497 armis
1126 2431 1219 2514 quasi
1243 2452 1314 2498 cum

206 2533 389 2600 criminibus
410 2534 589 2603 adversarii
612 2535 766 2627 accusati¹
780 2534 1010 2602 decertandum
1033 2544 1092 2603 est
1127 2537 1219 2605 Haec
1241 2559 1313 2624 pro·

201 2640 322 2727 positio
358 2648 391 2708 et
426 2642 582 2729 cogitatio
619 2642 788 2710 cuiusdam
815 2642 999 2709 certaminis
1035 2644 1155 2710 oratori
1193 2643 1314 2712 dicenti

202 2753 313 2813 contra
336 2769 468 2817 oausam
491 2749 661 2817 dicendam
674 2750 841 2836 subeundi,
868 2772 890 2816 a
912 2771 977 2835 qua
998 2751 1117 2837 Lysias
1132 2753 1219 2838 31,3
1241 2773 1313 2838 pro-

202 2853 305 2922 fectus
338 2858 432 2941 quasi
459 2878 549 2923 arma
576 2858 798 2946 (παρασκωὴν)
828 2857 994 2942 utriusque
1021 2858 1201 2925 adversarii
1232 2860 1315 2926 inter

202 2982 238 3028 se
261 2970 441 3049 comparat,
473 2964 517 3031 ad
544 2985 597 3031 res
627 2972 739 3049 gestas
765 2965 921 3031 maiorum
949 2964 1132 3032 laudandas
1155 2966 1314 3033 translata

201 3076 234 3137 ct
265 3075 285 3153 ξ
318 3075 338 3138 2
372 3072 518 3139 subiecta
550 3078 607 3140 est.
652 3072 724 3138 Huc
756 3071 870 3138 eodem
902 3071 1013 3139 referri
1044 3078 1153 3158 potest
1182 3073 1315 3140 verbum

200 3186 428 3266 παρασκευάσαι
451 3186 484 3246 et
506 3179 548 3246 de
570 3179 717 3247 oratione
739 3178 879 3246 dicenda
902 3183 922 3261 ξ
940 3183 957 3246 1
983 3186 1015 3246 et
1038 3177 1079 3246 de
1101 3181 1197 3247 rebus
1212 3180 1314 3264 gestis

200 3290 221 3368 ξ
245 3289 265 3352 2
288 3293 485 3374 usurpatum.
534 3287 681 3353 Oeterum
710 3286 752 3354 de
780 3285 896 3354 iisdem
922 3286 974 3353 his
997 3287 1059 3353 hoc
1084 3285 1157 3353 loco
1180 3287 1313 3353 verbum

200 3394 333 3482 ἀφθονία
355 3393 470 3461 eadem
484 3393 720 3479 significatione
743 3392 860 3459 dicitur
882 3400 979 3477 atque
1005 3396 1090 3478 122
1115 3394 1156 3458 de
1177 3392 1313 3458 orimini—

199 3502 260 3568 bus
291 3501 347 3566 rei.
394 3502 638 3569 Contentionem
669 3507 777 3568 autem
809 3500 892 3567 inter
920 3500 1100 3586 materiam,
1133 3521 1217 3584 quae
1249 3500 1314 3565 iam

197 3607 327 3695 prolata
341 3615 399 3694 est,
423 3617 456 3676 et
470 3630 553 3694 quae
566 3615 737 3696 praeterea
750 3607 886 3693 proferri
900 3613 1016 3693 potest,
1032 3607 1153 3673 elatam
1166 3607 1313 3674 videmus

200 3714 408 3801 oppositione
440 3723 472 3782 et
502 3716 671 3784 verborum
703 3714 921 3781 πολλὰ-ἱκανὰ
953 3720 985 3780 et
1009 3714 1177 3779 verborum
1207 3711 1314 3780 εἰπεῖν·

199 3826 377 3907 παραλιπεῖν
400 3826 420 3904 ξ
445 3825 473 3888 2.
500 3826 528 3909 7,
543 3826 572 3890 9.
596 3826 648 3909 31,
663 3825 716 3889 34.
753 3821 857 3900 Quam
880 3840 956 3888 vero
980 3819 1130 3906 dilucide,
1154 3826 1189 3885 ot
1211 3826 1313 3887 totum

198 3928 260 3995 hoc
284 3930 449 3997 exordium
477 3929 521 3997 ad
545 3931 681 3997 eandem
708 3929 798 3995 illam
824 3928 982 3994 rationem
1003 3947 1189 3994 revocemus
1216 3933 1313 4011 atque

199 4036 457 4124 interpretemur,
479 4037 587 4104 vultus
610 4038 738 4123 patroni
762 4056 932 4103 causarum
955 4035 1075 4121 Lysiae
1099 4055 1138 4117 ex
1161 4034 1313 4101 universa

198 4143 260 4208 hao
274 4147 294 4225 ξ
309 4143 480 4231 pelluccat
503 4145 691 4210 exustione
713 4143 825 4211 videre
847 4142 932 4228 licet,
956 4162 1021 4227 qua
1044 4147 1151 4208 orator
1165 4140 1310 4207 facinora

198 4269 321 4336 eorum,
349 4271 430 4334 quos
452 4250 643 4318 laudaturus
667 4257 730 4336 est,
752 4249 893 4319 breviter
916 4249 1070 4317 describit
1091 4254 1189 4333 atque
1211 4253 1311 4314 notat.

197 4357 281 4425 Nam
313 4377 377 4425 uon
409 4357 558 4428 dissimili
588 4357 694 4447 modo,
726 4357 813 4446 quod
844 4356 973 4445 quidem
1005 4355 1049 4422 ad
1081 4355 1311 4423 sententiarum
