3109 4884
728 298 770 363 23

188 503 337 584 περὶτῶν
364 493 512 583 ὑμετέρων
540 491 634 561 obruo
662 496 944 578 βοολεὺσασθαι.
1000 493 1099 560 Cuius
1128 496 1306 562 sententiae

190 610 225 669 ut
253 604 319 669 alia
346 603 507 686 quaedam
534 602 693 668 elementa
719 601 883 683 verbaque
910 606 1124 686 praeteream,
1153 601 1306 668 afferatur

192 714 242 794 16,
266 713 286 776 2
309 713 436 794 βελτίω
460 707 501 783 εἰς
523 714 571 773 τὸν
595 711 717 775 λοιπὸν
739 715 880 795 χρόνον.
905 705 1161 785 (1111111111
1185 728 1303 793 eorum,

190 817 245 902 qui
259 816 335 884 aliis
357 817 391 880 in
411 815 597 882 calamitate
613 815 814 900 subveniunt,
838 821 946 881 orator
969 815 1017 881 sie
1033 813 1199 881 desombit:
1223 818 1244 896 ξ
1262 818 1305 882 10

189 930 241 999 τὰς
258 924 340 1009 ἐντῷ
355 925 474 1010 πολέμῳ
497 928 610 1011 obque
624 927 747 997 κοινὰς
763 922 924 990 ἁπάντων
948 922 1113 1008 ἀνθρώπων
1128 923 1303 1009 νομίζοντες,

189 1034 241 1116 24,
269 1034 311 1098 22
351 1029 498 1119 ἡγουμένη
524 1036 648 1105 κοινὰς
679 1028 750 1098 εἶναι
785 1034 848 1104 τὰς
874 1035 987 1118 τὺχοις
1014 1041 1075 1104 τοῖς
1107 1028 1216 1095 ἅπασι
1242 1035 1304 1095 καὶ

188 1151 253 1204 τῶν
276 1150 395 1205 κακῶν
418 1144 480 1204 καὶ
503 1150 563 1203 τῶν
585 1139 739 1220 ἀγαθῶν.
788 1138 867 1204 Cum
885 1136 1017 1204 histum
1029 1137 1113 1204 inter
1131 1156 1167 1203 se
1181 1137 1303 1204 similes

188 1252 261 1312 sunt
283 1245 347 1312 loei
370 1265 567 1313 communes:
592 1250 612 1328 ξ
637 1248 677 1313 11
706 1244 758 1311 ὅτι
781 1243 799 1310 ὁ
821 1250 980 1319 θάνατος
1002 1250 1123 1318 κοινὸς
1145 1250 1207 1311 καὶ
1227 1258 1302 1320 τοῖς

187 1358 380 1440 χειρίστοις
411 1358 474 1419 καὶ
500 1364 573 1427 τοῖς
600 1354 810 1437 βελτίστοις,
842 1352 880 1419 fr.
907 1352 950 1419 53
981 1357 1015 1418 τὸ
1042 1357 1093 1440 μὲν
1121 1356 1179 1438 γὰρ
1211 1354 1301 1420 ἀπο-

188 1465 464 1527 θανεῖν-κοινὸν
487 1458 616 1527 ἅπασιν
638 1457 708 1547 ἡμῖν
730 1460 813 1527 ἐστιν.
846 1458 1000 1525 Similiter
1023 1456 1065 1526 de
1078 1459 1209 1542 aequali
1232 1460 1301 1528 iure

187 1568 293 1651 legum
316 1565 436 1634 dietum
454 1572 504 1634 111
529 1571 593 1651 1,2
615 1572 663 1633 τὸν
678 1568 864 1655 χείριστον
887 1579 944 1632 τῶν
967 1564 1061 1633 ulnus
1083 1570 1238 1654 τυγχάνειν
1260 1581 1301 1654 τῷ

186 1674 369 1759 βελτίστῳ.
415 1674 509 1740 Illam
531 1680 639 1742 autem
663 1694 861 1740 communem
894 1673 1032 1740 omnium
1054 1674 1216 1740 bominum
1238 1674 1300 1740 for·

185 1787 296 1848 tunam
325 1801 438 1866 regere
470 1801 510 1847 ae
542 1783 721 1865 gubernare
743 1780 871 1848 videtur
892 1781 1013 1867 Lysiae
1044 1780 1061 1847 ὁ
1089 1783 1210 1870 δαίμων,
1245 1782 1300 1866 qui

184 1895 379 1975 potestatem
401 1910 494 1956 suam
516 1888 691 1971 ostendit§
709 1891 759 1956 18.
786 1891 835 1974 13,
849 1891 901 1955 63.
925 1890 977 1974 24,
992 1890 1044 1955 22.
1090 1887 1157 1956 Sed
1170 1895 1299 1974 praeter

183 1996 269 2062 hune
282 1996 447 2079 fatumque
461 1996 662 2063 naturalibus
677 1996 785 2063 oausis
799 1995 1005 2063 imbecillitas
1013 1995 1154 2063 humana
1163 2002 1297 2081 tenetur,

187 2122 313 2187 eaeque
340 2108 415 2169 sunt
445 2106 465 2184 ξ
490 2105 531 2170 18
560 2105 711 2189 11218
741 2108 795 2170 καὶ
816 2110 910 2191 γήρας
931 2108 985 2170 καὶ
1006 2109 1094 2170 νόσοι.
1141 2101 1299 2180 Quoniam

182 2230 275 2294 uero,
311 2215 348 2277 ut
378 2208 462 2276 bano
494 2210 662 2277 materiam
698 2210 866 2278 absolvam
902 2217 1000 2295 atque
1030 2210 1158 2276 Horatii
1188 2210 1297 2277 verbis

183 2322 268 2401 utar,
305 2336 399 2401 pnors
429 2316 543 2383 ultima
573 2318 660 2385 linea
691 2338 797 2384 rerum
828 2318 895 2404 111,
933 2317 974 2385 111
1006 2339 1046 2384 11
1078 2323 1187 2383 orator
1218 2318 1298 2383 dioit

188 2425 237 2506 12,
246 2424 303 2488 37:
317 2423 409 2506 ,bane
423 2424 507 2491 enim
521 2428 696 2491 extremam
709 2446 848 2511 poenam
863 2424 904 2492 de
918 2425 959 2492 iis
973 2445 1090 2511 uapore
1103 2424 1293 2510 possumus‘.

186 2525 294 2604 Quare
316 2529 393 2612 quid
423 2532 528 2615 magis
552 2539 802 2599 consentaneum
825 2539 875 2599 est
908 2552 1004 2616 quam
1026 2552 1066 2597 ex
1089 2531 1151 2598 hao
1174 2531 1294 2617 simpli-

184 2632 314 2700 eissima
328 2638 488 2703 sententia
503 2646 673 2723 sequentes
687 2640 777 2707 looos
791 2639 1047 2725 interpretari?§
1063 2641 1080 2704 1
1096 2639 1154 2703 εἴτι
1163 2637 1293 2725 ἠδίκουν,

182 2737 418 2821 ἀποθανόντατῐ)
442 2747 525 2834 δίκην
547 2746 627 2835 ἔχειν
649 2752 702 2834 τὴν
724 2749 872 2836 μεγίστην,
895 2748 957 2814 ue.
979 2746 1152 2812 maximam
1174 2745 1294 2813 habere

181 2866 332 2932 poenam,
363 2857 399 2916 ut
422 2853 519 2918 etiam
541 2856 647 2939 magis
674 2855 781 2941 puniri
807 2875 868 2922 nee
891 2854 1044 2920 deberent
1069 2874 1130 2919 111
1151 2860 1294 2939 possent,

184 2955 235 3037 12,
244 2955 286 3020 88
308 2958 526 3044 τελευτήσαντες
548 2966 596 3026 τὸν
618 2963 681 3045 βίον
703 2969 795 3049 πέρας
809 2966 911 3049 ἔχουσι
932 2974 986 3049 τῆς
999 2965 1082 3047 παρὰ
1103 2972 1158 3025 τῶν
1172 2959 1295 3047 ἐχθρῶν

181 3063 332 3148 τιμωρίας,
357 3063 418 3130 11.
442 3072 646 3134 extremum
668 3069 798 3136 modum
819 3069 939 3135 babent
957 3087 1083 3153 poenae
1105 3073 1293 3154 aoeeptae

182 3168 228 3234 ab
250 3169 405 3256 inimiois,
433 3170 551 3239 nedum
577 3175 642 3260 ipsi
669 3175 722 3242 vel
747 3176 901 3242 minima
927 3196 1034 3261 poena
1056 3175 1218 3261 potuerint
1239 3174 1292 3241 vel

181 3278 306 3361 possint
337 3280 483 3349 inimioos
520 3282 690 3353 affieere.
734 3286 818 3353 Nam
850 3305 922 3351 oum
952 3303 1064 3350 vooem
1091 3289 1197 3367 πέματ,
1224 3288 1292 3348 tum

182 3403 257 3450 vero
272 3406 383 3453 voeem
406 3394 489 3476 παρὰ
503 3390 696 3476 premendas
720 3411 793 3459 esse
811 3397 897 3478 puto.
919 3392 1034 3475 Itaque
1056 3389 1089 3455 hi
1112 3389 1175 3455 looi
1198 3389 1291 3472 quasi

181 3492 264 3558 11111
286 3514 344 3578 μ11
367 3495 504 3563 alterum
526 3500 646 3585 optime
669 3500 826 3586 explicari
848 3506 984 3587 possunt
1006 3499 1132 3583 sibique
1155 3497 1290 3565 11111111

180 3599 269 3665 illam
300 3619 392 3666 suam
424 3605 616 3672 sententiam
647 3607 790 3674 fulciunt.
836 3607 928 3685 Quae
961 3608 989 3674 si
1016 3608 1186 3692 utrubique
1212 3629 1290 3674 vera

181 3711 239 3790 est,
261 3707 344 3773 baeo
367 3707 540 3778 similitudo
556 3714 717 3780 111111111
731 3713 943 3781 ooneludendi
965 3717 1090 3782 ratione
1113 3739 1171 3803 pro
1195 3738 1289 3802 argu·

180 3819 286 3879 mento
322 3815 410 3882 haud
446 3818 522 3883 exili
552 3821 713 3907 Lysiaoae
749 3823 907 3910 epitaphii
943 3824 1077 3910 originis
1113 3827 1290 3913 aooipiatur

179 3939 313 3988 neeesse
335 3930 393 3990 est

245 4029 288 4096 Ut
316 4030 454 4115 denique
480 4053 560 4120 rem,
588 4056 683 4119 quam
709 4037 775 4103 iam
802 4038 835 4103 in
864 4041 1001 4106 materia
1028 4041 1135 4109 adhue
1160 4046 1289 4131 prolata

179 4136 434 4206 animadvertere
457 4141 632 4228 potuimus,
662 4164 720 4229 per
743 4164 778 4210 11
802 4146 966 4231 paululum
988 4149 1180 4237 intueamur,
1211 4174 1287 4237 quo·

251 4278 271 4349 ¹)
290 4281 446 4337 Erdmanno
468 4285 498 4338 in
517 4284 558 4339 ed.
576 4284 688 4340 Reiskio
706 4290 817 4343 auctore
839 4293 935 4345 contra
952 4291 1146 4348 auctoritatem
1164 4294 1287 4350 codicum

180 4369 309 4427 scribenti
328 4366 472 4441 ἠδικοῦντο,
492 4371 669 4429 ἀποθανόντων
687 4377 814 4433 assentiri
831 4396 887 4433 non
904 4396 1023 4450 possum
