<?xml version="1.0" encoding="UTF-8"?>
<!DOCTYPE html PUBLIC "-//W3C//DTD XHTML 1.0 Transitional//EN"
    "http://www.w3.org/TR/xhtml1/DTD/xhtml1-transitional.dtd">
<html xmlns="http://www.w3.org/1999/xhtml" xml:lang="en" lang="en">
 <head>
  <title>
</title>
<meta http-equiv="Content-Type" content="text/html;charset=utf-8" />
  <meta name='ocr-system' content='tesseract 3.04.00' />
  <meta name='ocr-capabilities' content='ocr_page ocr_carea ocr_par ocr_line ocrx_word'/>
</head>
<body>
  <div class='ocr_page' id='page_1' title='image "./delysiaeepitaph00thomgoog_0016.png"; bbox 0 0 3109 4884; ppageno 0'>
   <div class='ocr_carea' id='block_1_1' title="bbox 765 330 785 394">
    <p class='ocr_par' dir='ltr' id='par_1_1' title="bbox 765 330 785 394">
     <span class='ocr_line' id='line_1_1' title="bbox 765 330 785 394; baseline 0 0"><span class='ocrx_word' id='word_1_1' title='bbox 765 330 785 394; x_wconf 88' lang='grc'><strong>6</strong></span> 
     </span>
    </p>
   </div>
   <div class='ocr_carea' id='block_1_2' title="bbox 213 521 1329 827">
    <p class='ocr_par' dir='ltr' id='par_1_2' title="bbox 213 521 1329 827">
     <span class='ocr_line' id='line_1_2' title="bbox 214 521 1328 610; baseline -0.002 -19"><span class='ocrx_word' id='word_1_2' title='bbox 214 527 291 610; x_wconf 92' lang='lat' dir='ltr'>quin</span> <span class='ocrx_word' id='word_1_3' title='bbox 313 526 428 591; x_wconf 91' lang='lat' dir='ltr'>iterum</span> <span class='ocrx_word' id='word_1_4' title='bbox 453 530 550 608; x_wconf 88' lang='lat' dir='ltr'>atque</span> <span class='ocrx_word' id='word_1_5' title='bbox 573 524 688 590; x_wconf 89' lang='lat' dir='ltr'>iterum</span> <span class='ocrx_word' id='word_1_6' title='bbox 710 523 912 609; x_wconf 82' lang='lat' dir='ltr'>appellemus</span> <span class='ocrx_word' id='word_1_7' title='bbox 936 529 968 588; x_wconf 95' lang='lat' dir='ltr'>et</span> <span class='ocrx_word' id='word_1_8' title='bbox 986 523 1201 608; x_wconf 86' lang='lat' dir='ltr'>proferamus:</span> <span class='ocrx_word' id='word_1_9' title='bbox 1224 521 1255 589; x_wconf 84' lang='grc' dir='ltr'>ἐν</span> <span class='ocrx_word' id='word_1_10' title='bbox 1278 527 1328 609; x_wconf 69' lang='lat' dir='ltr'>priv</span> 
     </span>
     <span class='ocr_line' id='line_1_3' title="bbox 214 630 1328 720; baseline -0.004 -23"><span class='ocrx_word' id='word_1_11' title='bbox 214 635 250 720; x_wconf 82' lang='grc' dir='ltr'>δὴ</span> <span class='ocrx_word' id='word_1_12' title='bbox 274 644 334 706; x_wconf 85' lang='grc' dir='ltr'>τοῖς</span> <span class='ocrx_word' id='word_1_13' title='bbox 363 630 561 705; x_wconf 78' lang='grc' dir='ltr'>ἐπιδεικτικοῖς</span> <span class='ocrx_word' id='word_1_14' title='bbox 580 633 679 715; x_wconf 76' lang='grc' dir='ltr'>λόγοις</span> <span class='ocrx_word' id='word_1_15' title='bbox 706 632 976 718; x_wconf 81' lang='grc' dir='ltr'>μαλακώτερος·</span> <span class='ocrx_word' id='word_1_16' title='bbox 1004 632 1170 713; x_wconf 67' lang='lat' dir='ltr'>dubietur</span> <span class='ocrx_word' id='word_1_17' title='bbox 1197 635 1248 716; x_wconf 73' lang='grc' dir='ltr'>μὲν</span> <span class='ocrx_word' id='word_1_18' title='bbox 1271 634 1328 714; x_wconf 69' lang='grc' dir='ltr'>γὰρ</span> 
     </span>
     <span class='ocr_line' id='line_1_4' title="bbox 213 734 1329 827; baseline -0.004 -23"><span class='ocrx_word' id='word_1_19' title='bbox 213 737 393 827; x_wconf 70' lang='grc' dir='ltr'>ὑψηλότερος</span> <span class='ocrx_word' id='word_1_20' title='bbox 418 736 490 805; x_wconf 80' lang='grc' dir='ltr'>εἶναι</span> <span class='ocrx_word' id='word_1_21' title='bbox 513 743 565 803; x_wconf 84' lang='grc' dir='ltr'>καὶ</span> <span class='ocrx_word' id='word_1_22' title='bbox 589 740 898 825; x_wconf 67' lang='grc' dir='ltr'>μεγαλοπρεπέστερος</span> <span class='ocrx_word' id='word_1_23' title='bbox 912 774 955 784; x_wconf 93' lang='grc'>-</span> <span class='ocrx_word' id='word_1_24' title='bbox 970 734 1010 802; x_wconf 83' lang='lat' dir='ltr'>ob</span> <span class='ocrx_word' id='word_1_25' title='bbox 1033 738 1204 822; x_wconf 71' lang='grc' dir='ltr'>διακείρει</span> <span class='ocrx_word' id='word_1_26' title='bbox 1226 739 1258 802; x_wconf 83' lang='grc' dir='ltr'>δὲ</span> <span class='ocrx_word' id='word_1_27' title='bbox 1279 742 1329 802; x_wconf 87' lang='grc' dir='ltr'>τὸν</span> 
     </span>
    </p>
   </div>
   <div class='ocr_carea' id='block_1_3' title="bbox 214 842 1404 4243">
    <p class='ocr_par' dir='ltr' id='par_1_3' title="bbox 214 842 1333 2426">
     <span class='ocr_line' id='line_1_5' title="bbox 214 842 1329 933; baseline -0.004 -21"><span class='ocrx_word' id='word_1_28' title='bbox 214 846 363 933; x_wconf 69' lang='grc' dir='ltr'>ἀκροατὴν</span> <span class='ocrx_word' id='word_1_29' title='bbox 395 843 494 931; x_wconf 74' lang='grc' dir='ltr'>ὥσπερ</span> <span class='ocrx_word' id='word_1_30' title='bbox 525 845 738 931; x_wconf 78' lang='grc' dir='ltr'>Ἰσοκράτης</span> <span class='ocrx_word' id='word_1_31' title='bbox 770 844 790 931; x_wconf 82' lang='grc' dir='ltr'><strong>ἢ</strong></span> <span class='ocrx_word' id='word_1_32' title='bbox 818 842 1024 932; x_wconf 70' lang='grc' dir='ltr'>Δημοσθένης.</span> <span class='ocrx_word' id='word_1_33' title='bbox 1071 843 1159 911; x_wconf 91' lang='lat' dir='ltr'>Nihil</span> <span class='ocrx_word' id='word_1_34' title='bbox 1191 843 1329 909; x_wconf 90' lang='lat' dir='ltr'>omnium</span> 
     </span>
     <span class='ocr_line' id='line_1_6' title="bbox 214 949 1329 1036; baseline -0.002 -18"><span class='ocrx_word' id='word_1_35' title='bbox 214 974 319 1020; x_wconf 85' lang='lat' dir='ltr'>rerum</span> <span class='ocrx_word' id='word_1_36' title='bbox 342 951 447 1036; x_wconf 89' lang='lat' dir='ltr'>magis</span> <span class='ocrx_word' id='word_1_37' title='bbox 471 952 617 1036; x_wconf 91' lang='lat' dir='ltr'>congruit</span> <span class='ocrx_word' id='word_1_38' title='bbox 641 972 713 1017; x_wconf 90' lang='lat' dir='ltr'>cum</span> <span class='ocrx_word' id='word_1_39' title='bbox 742 971 777 1017; x_wconf 88' lang='lat' dir='ltr'>re</span> <span class='ocrx_word' id='word_1_40' title='bbox 805 951 840 1017; x_wconf 91' lang='lat' dir='ltr'>in</span> <span class='ocrx_word' id='word_1_41' title='bbox 866 957 983 1017; x_wconf 89' lang='lat' dir='ltr'>natura</span> <span class='ocrx_word' id='word_1_42' title='bbox 1008 951 1117 1036; x_wconf 86' lang='lat' dir='ltr'>posita</span> <span class='ocrx_word' id='word_1_43' title='bbox 1145 971 1242 1033; x_wconf 89' lang='lat' dir='ltr'>quam</span> <span class='ocrx_word' id='word_1_44' title='bbox 1268 949 1329 1016; x_wconf 90' lang='lat' dir='ltr'>hoc</span> 
     </span>
     <span class='ocr_line' id='line_1_7' title="bbox 214 1056 1329 1142; baseline -0.001 -18"><span class='ocrx_word' id='word_1_45' title='bbox 214 1059 376 1127; x_wconf 89' lang='lat' dir='ltr'>iudicium.</span> <span class='ocrx_word' id='word_1_46' title='bbox 423 1056 540 1124; x_wconf 80' lang='lat' dir='ltr'><strong>Orator</strong></span> <span class='ocrx_word' id='word_1_47' title='bbox 567 1058 601 1123; x_wconf 93' lang='lat' dir='ltr'>in</span> <span class='ocrx_word' id='word_1_48' title='bbox 628 1078 747 1142; x_wconf 78' lang='lat' dir='ltr'>genere</span> <span class='ocrx_word' id='word_1_49' title='bbox 773 1057 1026 1124; x_wconf 87' lang='lat' dir='ltr'>demonstrativo</span> <span class='ocrx_word' id='word_1_50' title='bbox 1051 1056 1189 1123; x_wconf 87' lang='lat' dir='ltr'>debilior</span> <span class='ocrx_word' id='word_1_51' title='bbox 1216 1063 1329 1142; x_wconf 93' lang='lat' dir='ltr'>estet,</span> 
     </span>
     <span class='ocr_line' id='line_1_8' title="bbox 215 1162 1328 1251; baseline -0.005 -18"><span class='ocrx_word' id='word_1_52' title='bbox 215 1167 291 1250; x_wconf 88' lang='lat' dir='ltr'>quia</span> <span class='ocrx_word' id='word_1_53' title='bbox 312 1166 384 1251; x_wconf 92' lang='lat' dir='ltr'>ipse</span> <span class='ocrx_word' id='word_1_54' title='bbox 407 1164 442 1230; x_wconf 91' lang='lat' dir='ltr'>id</span> <span class='ocrx_word' id='word_1_55' title='bbox 456 1164 563 1250; x_wconf 82' lang='lat' dir='ltr'>sentit,</span> <span class='ocrx_word' id='word_1_56' title='bbox 586 1164 752 1231; x_wconf 85' lang='lat' dir='ltr'>sublimior</span> <span class='ocrx_word' id='word_1_57' title='bbox 775 1170 808 1229; x_wconf 92' lang='lat' dir='ltr'>et</span> <span class='ocrx_word' id='word_1_58' title='bbox 821 1163 975 1248; x_wconf 80' lang='lat' dir='ltr'>grandior</span> <span class='ocrx_word' id='word_1_59' title='bbox 999 1183 1072 1230; x_wconf 91' lang='lat' dir='ltr'>esse</span> <span class='ocrx_word' id='word_1_60' title='bbox 1094 1163 1189 1248; x_wconf 93' lang='lat' dir='ltr'>vult,</span> <span class='ocrx_word' id='word_1_61' title='bbox 1212 1162 1247 1228; x_wconf 92' lang='lat' dir='ltr'>id</span> <span class='ocrx_word' id='word_1_62' title='bbox 1263 1169 1328 1230; x_wconf 91' lang='lat' dir='ltr'>est:</span> 
     </span>
     <span class='ocr_line' id='line_1_9' title="bbox 215 1270 1329 1357; baseline -0.003 -18"><span class='ocrx_word' id='word_1_63' title='bbox 215 1272 302 1357; x_wconf 93' lang='lat' dir='ltr'>quod</span> <span class='ocrx_word' id='word_1_64' title='bbox 314 1272 473 1339; x_wconf 89' lang='lat' dir='ltr'>naturalis</span> <span class='ocrx_word' id='word_1_65' title='bbox 495 1271 617 1355; x_wconf 91' lang='lat' dir='ltr'>ingenii</span> <span class='ocrx_word' id='word_1_66' title='bbox 640 1291 712 1337; x_wconf 91' lang='lat' dir='ltr'>eum</span> <span class='ocrx_word' id='word_1_67' title='bbox 727 1270 846 1354; x_wconf 90' lang='lat' dir='ltr'>deficit,</span> <span class='ocrx_word' id='word_1_68' title='bbox 869 1270 904 1336; x_wconf 94' lang='lat' dir='ltr'>id</span> <span class='ocrx_word' id='word_1_69' title='bbox 918 1270 1012 1354; x_wconf 89' lang='lat' dir='ltr'>quasi</span> <span class='ocrx_word' id='word_1_70' title='bbox 1035 1277 1106 1337; x_wconf 86' lang='lat' dir='ltr'>arte</span> <span class='ocrx_word' id='word_1_71' title='bbox 1120 1290 1329 1356; x_wconf 88' lang='lat' dir='ltr'>compensare</span> 
     </span>
     <span class='ocr_line' id='line_1_10' title="bbox 216 1376 1330 1462; baseline -0.003 -17"><span class='ocrx_word' id='word_1_72' title='bbox 216 1378 331 1446; x_wconf 84' lang='lat' dir='ltr'>studet.</span> <span class='ocrx_word' id='word_1_73' title='bbox 365 1378 437 1456; x_wconf 77' lang='lat' dir='ltr'>Qua</span> <span class='ocrx_word' id='word_1_74' title='bbox 460 1385 574 1445; x_wconf 86' lang='lat' dir='ltr'>autem</span> <span class='ocrx_word' id='word_1_75' title='bbox 591 1377 633 1445; x_wconf 93' lang='lat' dir='ltr'>de</span> <span class='ocrx_word' id='word_1_76' title='bbox 657 1398 757 1444; x_wconf 88' lang='lat' dir='ltr'>eausa</span> <span class='ocrx_word' id='word_1_77' title='bbox 770 1378 889 1462; x_wconf 83' lang='lat' dir='ltr'>Lysias</span> <span class='ocrx_word' id='word_1_78' title='bbox 912 1378 946 1442; x_wconf 93' lang='lat' dir='ltr'>in</span> <span class='ocrx_word' id='word_1_79' title='bbox 968 1377 1025 1442; x_wconf 95' lang='lat' dir='ltr'>illo</span> <span class='ocrx_word' id='word_1_80' title='bbox 1049 1397 1168 1460; x_wconf 84' lang='lat' dir='ltr'>genere</span> <span class='ocrx_word' id='word_1_81' title='bbox 1191 1376 1330 1442; x_wconf 89' lang='lat' dir='ltr'>deterior</span> 
     </span>
     <span class='ocr_line' id='line_1_11' title="bbox 216 1483 1330 1571; baseline 0 -21"><span class='ocrx_word' id='word_1_82' title='bbox 216 1485 311 1552; x_wconf 84' lang='lat' dir='ltr'>fuerit</span> <span class='ocrx_word' id='word_1_83' title='bbox 338 1507 377 1552; x_wconf 91' lang='lat' dir='ltr'>ac</span> <span class='ocrx_word' id='word_1_84' title='bbox 404 1486 508 1552; x_wconf 86' lang='lat' dir='ltr'>minus</span> <span class='ocrx_word' id='word_1_85' title='bbox 536 1485 721 1571; x_wconf 78' lang='lat' dir='ltr'>profecerit,</span> <span class='ocrx_word' id='word_1_86' title='bbox 754 1484 841 1550; x_wconf 91' lang='lat' dir='ltr'>idem</span> <span class='ocrx_word' id='word_1_87' title='bbox 868 1485 923 1549; x_wconf 90' lang='lat' dir='ltr'>ille</span> <span class='ocrx_word' id='word_1_88' title='bbox 950 1484 1080 1550; x_wconf 91' lang='lat' dir='ltr'>criticus</span> <span class='ocrx_word' id='word_1_89' title='bbox 1107 1504 1167 1551; x_wconf 93' lang='lat' dir='ltr'>nos</span> <span class='ocrx_word' id='word_1_90' title='bbox 1196 1483 1330 1570; x_wconf 86' lang='lat' dir='ltr'>docet,¹)</span> 
     </span>
     <span class='ocr_line' id='line_1_12' title="bbox 216 1590 1329 1685; baseline -0.003 -26"><span class='ocrx_word' id='word_1_91' title='bbox 216 1614 287 1659; x_wconf 91' lang='lat' dir='ltr'>cum</span> <span class='ocrx_word' id='word_1_92' title='bbox 313 1592 393 1659; x_wconf 86' lang='lat' dir='ltr'>dicit</span> <span class='ocrx_word' id='word_1_93' title='bbox 419 1612 491 1658; x_wconf 91' lang='lat' dir='ltr'>eum</span> <span class='ocrx_word' id='word_1_94' title='bbox 519 1592 625 1676; x_wconf 86' lang='lat' dir='ltr'>magis</span> <span class='ocrx_word' id='word_1_95' title='bbox 651 1591 802 1659; x_wconf 89' lang='lat' dir='ltr'>idoneum</span> <span class='ocrx_word' id='word_1_96' title='bbox 829 1611 903 1657; x_wconf 87' lang='lat' dir='ltr'>esse</span> <span class='ocrx_word' id='word_1_97' title='bbox 929 1590 973 1656; x_wconf 87' lang='lat' dir='ltr'>ad</span> <span class='ocrx_word' id='word_1_98' title='bbox 999 1611 1103 1685; x_wconf 79' lang='lat' dir='ltr'>parva</span> <span class='ocrx_word' id='word_1_99' title='bbox 1131 1597 1164 1656; x_wconf 89' lang='lat' dir='ltr'>et</span> <span class='ocrx_word' id='word_1_100' title='bbox 1190 1590 1273 1656; x_wconf 86' lang='lat' dir='ltr'>mira</span> <span class='ocrx_word' id='word_1_101' title='bbox 1296 1597 1329 1656; x_wconf 89' lang='lat' dir='ltr'>et</span> 
     </span>
     <span class='ocr_line' id='line_1_13' title="bbox 216 1696 1331 1783; baseline -0.001 -20"><span class='ocrx_word' id='word_1_102' title='bbox 216 1698 363 1765; x_wconf 84' lang='lat' dir='ltr'>difficilia</span> <span class='ocrx_word' id='word_1_103' title='bbox 377 1697 517 1764; x_wconf 88' lang='lat' dir='ltr'>dicenda</span> <span class='ocrx_word' id='word_1_104' title='bbox 530 1705 665 1765; x_wconf 90' lang='lat' dir='ltr'>venuste</span> <span class='ocrx_word' id='word_1_105' title='bbox 688 1718 786 1782; x_wconf 91' lang='lat' dir='ltr'>quam</span> <span class='ocrx_word' id='word_1_106' title='bbox 809 1697 852 1763; x_wconf 89' lang='lat' dir='ltr'>ad</span> <span class='ocrx_word' id='word_1_107' title='bbox 868 1718 989 1782; x_wconf 88' lang='lat' dir='ltr'>magna</span> <span class='ocrx_word' id='word_1_108' title='bbox 1012 1704 1044 1763; x_wconf 93' lang='lat' dir='ltr'>et</span> <span class='ocrx_word' id='word_1_109' title='bbox 1067 1697 1200 1783; x_wconf 89' lang='lat' dir='ltr'>eopiosa</span> <span class='ocrx_word' id='word_1_110' title='bbox 1213 1696 1331 1763; x_wconf 88' lang='lat' dir='ltr'>valide.</span> 
     </span>
     <span class='ocr_line' id='line_1_14' title="bbox 216 1804 1330 1891; baseline 0 -21"><span class='ocrx_word' id='word_1_111' title='bbox 216 1806 287 1872; x_wconf 87' lang='lat' dir='ltr'>Hac</span> <span class='ocrx_word' id='word_1_112' title='bbox 316 1826 353 1872; x_wconf 93' lang='lat' dir='ltr'>re</span> <span class='ocrx_word' id='word_1_113' title='bbox 384 1812 454 1872; x_wconf 87' lang='lat' dir='ltr'>arte</span> <span class='ocrx_word' id='word_1_114' title='bbox 482 1805 670 1891; x_wconf 79' lang='lat' dir='ltr'>continetur,</span> <span class='ocrx_word' id='word_1_115' title='bbox 703 1805 789 1889; x_wconf 94' lang='lat' dir='ltr'>quod</span> <span class='ocrx_word' id='word_1_116' title='bbox 821 1804 909 1890; x_wconf 91' lang='lat' dir='ltr'>apud</span> <span class='ocrx_word' id='word_1_117' title='bbox 936 1804 1072 1870; x_wconf 91' lang='lat' dir='ltr'>eundem</span> <span class='ocrx_word' id='word_1_118' title='bbox 1099 1804 1292 1889; x_wconf 86' lang='lat' dir='ltr'>Dionysium</span> <span class='ocrx_word' id='word_1_119' title='bbox 1306 1804 1330 1887; x_wconf 72' lang='grc'>2)</span> 
     </span>
     <span class='ocr_line' id='line_1_15' title="bbox 217 1911 1331 1999; baseline -0.001 -20"><span class='ocrx_word' id='word_1_120' title='bbox 217 1913 436 1980; x_wconf 88' lang='lat' dir='ltr'>confirmatum</span> <span class='ocrx_word' id='word_1_121' title='bbox 458 1914 644 1998; x_wconf 90' lang='lat' dir='ltr'>invenimus,</span> <span class='ocrx_word' id='word_1_122' title='bbox 668 1919 828 1978; x_wconf 91' lang='lat' dir='ltr'>oratorem</span> <span class='ocrx_word' id='word_1_123' title='bbox 839 1912 956 1979; x_wconf 89' lang='lat' dir='ltr'>mehus</span> <span class='ocrx_word' id='word_1_124' title='bbox 979 1912 1200 1999; x_wconf 60' lang='lat' dir='ltr'>solvissetis</span> <span class='ocrx_word' id='word_1_125' title='bbox 1215 1911 1331 1978; x_wconf 89' lang='lat' dir='ltr'>docere</span> 
     </span>
     <span class='ocr_line' id='line_1_16' title="bbox 218 2020 1332 2106; baseline -0.001 -20"><span class='ocrx_word' id='word_1_126' title='bbox 218 2027 250 2086; x_wconf 91' lang='lat' dir='ltr'>et</span> <span class='ocrx_word' id='word_1_127' title='bbox 281 2020 478 2106; x_wconf 91' lang='lat' dir='ltr'>persuadere</span> <span class='ocrx_word' id='word_1_128' title='bbox 515 2042 612 2104; x_wconf 91' lang='lat' dir='ltr'>quam</span> <span class='ocrx_word' id='word_1_129' title='bbox 647 2023 740 2086; x_wconf 77' lang='grc' dir='ltr'>πάθει</span> <span class='ocrx_word' id='word_1_130' title='bbox 771 2040 970 2086; x_wconf 89' lang='lat' dir='ltr'>commovere</span> <span class='ocrx_word' id='word_1_131' title='bbox 1007 2026 1039 2085; x_wconf 88' lang='lat' dir='ltr'>et</span> <span class='ocrx_word' id='word_1_132' title='bbox 1070 2040 1193 2104; x_wconf 87' lang='lat' dir='ltr'>rapere.</span> <span class='ocrx_word' id='word_1_133' title='bbox 1253 2020 1332 2086; x_wconf 79' lang='lat' dir='ltr'>(lum</span> 
     </span>
     <span class='ocr_line' id='line_1_17' title="bbox 217 2126 1333 2212; baseline -0.001 -19"><span class='ocrx_word' id='word_1_134' title='bbox 217 2134 326 2194; x_wconf 89' lang='lat' dir='ltr'>autem</span> <span class='ocrx_word' id='word_1_135' title='bbox 365 2128 399 2193; x_wconf 93' lang='lat' dir='ltr'>in</span> <span class='ocrx_word' id='word_1_136' title='bbox 449 2128 594 2194; x_wconf 90' lang='lat' dir='ltr'>oratione</span> <span class='ocrx_word' id='word_1_137' title='bbox 635 2126 888 2194; x_wconf 87' lang='lat' dir='ltr'>demonstrativa</span> <span class='ocrx_word' id='word_1_138' title='bbox 929 2126 1091 2212; x_wconf 87' lang='lat' dir='ltr'>posterius</span> <span class='ocrx_word' id='word_1_139' title='bbox 1130 2127 1333 2212; x_wconf 90' lang='lat' dir='ltr'>potissimum</span> 
     </span>
     <span class='ocr_line' id='line_1_18' title="bbox 217 2232 1331 2318; baseline -0.001 -18"><span class='ocrx_word' id='word_1_140' title='bbox 217 2234 389 2301; x_wconf 86' lang='lat' dir='ltr'>affectuum</span> <span class='ocrx_word' id='word_1_141' title='bbox 416 2254 518 2318; x_wconf 89' lang='lat' dir='ltr'>genus</span> <span class='ocrx_word' id='word_1_142' title='bbox 545 2235 678 2300; x_wconf 91' lang='lat' dir='ltr'>multum</span> <span class='ocrx_word' id='word_1_143' title='bbox 705 2234 829 2318; x_wconf 88' lang='lat' dir='ltr'>valeat,</span> <span class='ocrx_word' id='word_1_144' title='bbox 861 2252 995 2300; x_wconf 90' lang='lat' dir='ltr'>necesse</span> <span class='ocrx_word' id='word_1_145' title='bbox 1025 2232 1086 2299; x_wconf 90' lang='lat' dir='ltr'>fuit</span> <span class='ocrx_word' id='word_1_146' title='bbox 1107 2234 1241 2318; x_wconf 89' lang='lat' dir='ltr'>Lysiam</span> <span class='ocrx_word' id='word_1_147' title='bbox 1270 2233 1331 2299; x_wconf 88' lang='lat' dir='ltr'>hac</span> 
     </span>
     <span class='ocr_line' id='line_1_19' title="bbox 219 2340 1175 2426; baseline -0.001 -19"><span class='ocrx_word' id='word_1_148' title='bbox 219 2360 346 2425; x_wconf 92' lang='lat' dir='ltr'>quoque</span> <span class='ocrx_word' id='word_1_149' title='bbox 370 2340 411 2407; x_wconf 98' lang='lat' dir='ltr'>de</span> <span class='ocrx_word' id='word_1_150' title='bbox 435 2360 535 2407; x_wconf 88' lang='lat' dir='ltr'>eausa</span> <span class='ocrx_word' id='word_1_151' title='bbox 558 2341 591 2406; x_wconf 93' lang='lat' dir='ltr'>in</span> <span class='ocrx_word' id='word_1_152' title='bbox 615 2340 782 2426; x_wconf 89' lang='lat' dir='ltr'>epitaphio</span> <span class='ocrx_word' id='word_1_153' title='bbox 805 2340 988 2406; x_wconf 80' lang='lat' dir='ltr'>interiorem</span> <span class='ocrx_word' id='word_1_154' title='bbox 1011 2341 1175 2407; x_wconf 86' lang='lat' dir='ltr'>exsistere.</span> 
     </span>
    </p>

    <p class='ocr_par' dir='ltr' id='par_1_4' title="bbox 217 2445 1404 4243">
     <span class='ocr_line' id='line_1_20' title="bbox 283 2445 1332 2533; baseline 0.001 -21"><span class='ocrx_word' id='word_1_155' title='bbox 283 2448 321 2512; x_wconf 94' lang='lat' dir='ltr'>In</span> <span class='ocrx_word' id='word_1_156' title='bbox 357 2447 569 2533; x_wconf 88' lang='lat' dir='ltr'>dispositione</span> <span class='ocrx_word' id='word_1_157' title='bbox 606 2447 809 2533; x_wconf 88' lang='lat' dir='ltr'>partiumque</span> <span class='ocrx_word' id='word_1_158' title='bbox 843 2445 1068 2513; x_wconf 87' lang='lat' dir='ltr'>distributione</span> <span class='ocrx_word' id='word_1_159' title='bbox 1099 2447 1217 2533; x_wconf 83' lang='lat' dir='ltr'>Lysias</span> <span class='ocrx_word' id='word_1_160' title='bbox 1255 2448 1332 2513; x_wconf 89' lang='lat' dir='ltr'>item</span> 
     </span>
     <span class='ocr_line' id='line_1_21' title="bbox 217 2553 1330 2643; baseline 0 -24"><span class='ocrx_word' id='word_1_161' title='bbox 217 2553 305 2619; x_wconf 89' lang='lat' dir='ltr'>haud</span> <span class='ocrx_word' id='word_1_162' title='bbox 336 2554 383 2620; x_wconf 90' lang='lat' dir='ltr'>ita</span> <span class='ocrx_word' id='word_1_163' title='bbox 414 2554 542 2621; x_wconf 88' lang='lat' dir='ltr'>validus</span> <span class='ocrx_word' id='word_1_164' title='bbox 574 2554 731 2621; x_wconf 87' lang='lat' dir='ltr'>dicendus</span> <span class='ocrx_word' id='word_1_165' title='bbox 763 2560 822 2621; x_wconf 92' lang='lat' dir='ltr'>est.</span> <span class='ocrx_word' id='word_1_166' title='bbox 868 2553 960 2631; x_wconf 80' lang='lat' dir='ltr'>Quae</span> <span class='ocrx_word' id='word_1_167' title='bbox 994 2554 1101 2622; x_wconf 91' lang='lat' dir='ltr'>iudice</span> <span class='ocrx_word' id='word_1_168' title='bbox 1131 2554 1289 2639; x_wconf 84' lang='lat' dir='ltr'>Dionysio</span> <span class='ocrx_word' id='word_1_169' title='bbox 1305 2555 1330 2643; x_wconf 80' lang='lat'>³)</span> 
     </span>
     <span class='ocr_line' id='line_1_22' title="bbox 218 2660 1331 2747; baseline 0 -20"><span class='ocrx_word' id='word_1_170' title='bbox 218 2661 354 2746; x_wconf 85' lang='lat' dir='ltr'>simplex</span> <span class='ocrx_word' id='word_1_171' title='bbox 362 2668 412 2728; x_wconf 91' lang='lat' dir='ltr'>est</span> <span class='ocrx_word' id='word_1_172' title='bbox 421 2667 519 2745; x_wconf 91' lang='lat' dir='ltr'>atque</span> <span class='ocrx_word' id='word_1_173' title='bbox 528 2661 715 2746; x_wconf 91' lang='lat' dir='ltr'>plerumque</span> <span class='ocrx_word' id='word_1_174' title='bbox 723 2660 1071 2747; x_wconf 77' lang='lat' dir='ltr'>uniformis,Platone⁴)</span> <span class='ocrx_word' id='word_1_175' title='bbox 1079 2661 1331 2728; x_wconf 89' lang='lat' dir='ltr'>veroinerotico</span> 
     </span>
     <span class='ocr_line' id='line_1_23' title="bbox 218 2766 1332 2853; baseline 0.001 -20"><span class='ocrx_word' id='word_1_176' title='bbox 218 2766 347 2850; x_wconf 91' lang='lat' dir='ltr'>quidem</span> <span class='ocrx_word' id='word_1_177' title='bbox 369 2775 456 2834; x_wconf 88' lang='lat' dir='ltr'>certe</span> <span class='ocrx_word' id='word_1_178' title='bbox 477 2768 604 2834; x_wconf 89' lang='lat' dir='ltr'>vitiosa.</span> <span class='ocrx_word' id='word_1_179' title='bbox 627 2768 664 2833; x_wconf 94' lang='lat' dir='ltr'>In</span> <span class='ocrx_word' id='word_1_180' title='bbox 679 2788 744 2851; x_wconf 92' lang='lat' dir='ltr'>qua</span> <span class='ocrx_word' id='word_1_181' title='bbox 766 2789 801 2834; x_wconf 92' lang='lat' dir='ltr'>re</span> <span class='ocrx_word' id='word_1_182' title='bbox 824 2768 885 2834; x_wconf 94' lang='lat' dir='ltr'>hoc</span> <span class='ocrx_word' id='word_1_183' title='bbox 908 2769 1047 2835; x_wconf 87' lang='lat' dir='ltr'>cernitur</span> <span class='ocrx_word' id='word_1_184' title='bbox 1069 2774 1102 2835; x_wconf 89' lang='lat' dir='ltr'>et</span> <span class='ocrx_word' id='word_1_185' title='bbox 1124 2768 1332 2853; x_wconf 11' lang='lat' dir='ltr'>quavratione</span> 
     </span>
     <span class='ocr_line' id='line_1_24' title="bbox 218 2874 1332 2959; baseline 0.002 -20"><span class='ocrx_word' id='word_1_186' title='bbox 218 2874 373 2959; x_wconf 76' lang='lat' dir='ltr'>epocari</span> <span class='ocrx_word' id='word_1_187' title='bbox 399 2875 529 2959; x_wconf 79' lang='lat' dir='ltr'>potest?</span> <span class='ocrx_word' id='word_1_188' title='bbox 574 2875 648 2943; x_wconf 89' lang='lat' dir='ltr'>Non</span> <span class='ocrx_word' id='word_1_189' title='bbox 678 2875 785 2959; x_wconf 88' lang='lat' dir='ltr'>magis</span> <span class='ocrx_word' id='word_1_190' title='bbox 818 2896 914 2959; x_wconf 90' lang='lat' dir='ltr'>quam</span> <span class='ocrx_word' id='word_1_191' title='bbox 946 2877 980 2941; x_wconf 92' lang='lat' dir='ltr'>iu</span> <span class='ocrx_word' id='word_1_192' title='bbox 1012 2895 1116 2941; x_wconf 90' lang='lat' dir='ltr'>rerum</span> <span class='ocrx_word' id='word_1_193' title='bbox 1148 2875 1332 2941; x_wconf 87' lang='lat' dir='ltr'>inventione</span> 
     </span>
     <span class='ocr_line' id='line_1_25' title="bbox 218 2980 1331 3068; baseline -0.001 -21"><span class='ocrx_word' id='word_1_194' title='bbox 218 2980 430 3068; x_wconf 91' lang='lat' dir='ltr'>philosophus</span> <span class='ocrx_word' id='word_1_195' title='bbox 462 2987 571 3047; x_wconf 88' lang='lat' dir='ltr'>orator</span> <span class='ocrx_word' id='word_1_196' title='bbox 603 2988 653 3048; x_wconf 91' lang='lat' dir='ltr'>est</span> <span class='ocrx_word' id='word_1_197' title='bbox 684 2981 718 3047; x_wconf 91' lang='lat' dir='ltr'>in</span> <span class='ocrx_word' id='word_1_198' title='bbox 749 2996 855 3047; x_wconf 89' lang='lat' dir='ltr'>rerum</span> <span class='ocrx_word' id='word_1_199' title='bbox 887 2981 1100 3068; x_wconf 85' lang='lat' dir='ltr'>dispositione</span> <span class='ocrx_word' id='word_1_200' title='bbox 1132 2981 1331 3049; x_wconf 88' lang='lat' dir='ltr'>dialecticus.</span> 
     </span>
     <span class='ocr_line' id='line_1_26' title="bbox 218 3087 1332 3174; baseline -0.004 -16"><span class='ocrx_word' id='word_1_201' title='bbox 218 3090 365 3171; x_wconf 87' lang='lat' dir='ltr'>Namque</span> <span class='ocrx_word' id='word_1_202' title='bbox 397 3088 482 3153; x_wconf 91' lang='lat' dir='ltr'>omni</span> <span class='ocrx_word' id='word_1_203' title='bbox 512 3094 582 3154; x_wconf 88' lang='lat' dir='ltr'>arte</span> <span class='ocrx_word' id='word_1_204' title='bbox 612 3087 783 3174; x_wconf 88' lang='lat' dir='ltr'>repudiata</span> <span class='ocrx_word' id='word_1_205' title='bbox 815 3095 914 3173; x_wconf 90' lang='lat' dir='ltr'>atque</span> <span class='ocrx_word' id='word_1_206' title='bbox 945 3090 1067 3156; x_wconf 86' lang='lat' dir='ltr'>reiecta</span> <span class='ocrx_word' id='word_1_207' title='bbox 1099 3089 1168 3156; x_wconf 93' lang='lat' dir='ltr'>solo</span> <span class='ocrx_word' id='word_1_208' title='bbox 1201 3088 1332 3172; x_wconf 89' lang='lat' dir='ltr'>ingenio</span> 
     </span>
     <span class='ocr_line' id='line_1_27' title="bbox 219 3194 1332 3281; baseline -0.002 -18"><span class='ocrx_word' id='word_1_209' title='bbox 219 3196 335 3263; x_wconf 91' lang='lat' dir='ltr'>ductus</span> <span class='ocrx_word' id='word_1_210' title='bbox 370 3195 404 3260; x_wconf 92' lang='lat' dir='ltr'>in</span> <span class='ocrx_word' id='word_1_211' title='bbox 440 3194 630 3281; x_wconf 83' lang='lat' dir='ltr'>exponendo</span> <span class='ocrx_word' id='word_1_212' title='bbox 667 3203 855 3280; x_wconf 87' lang='lat' dir='ltr'>argumento</span> <span class='ocrx_word' id='word_1_213' title='bbox 891 3217 955 3261; x_wconf 93' lang='lat' dir='ltr'>non</span> <span class='ocrx_word' id='word_1_214' title='bbox 991 3196 1135 3262; x_wconf 86' lang='lat' dir='ltr'>rationes</span> <span class='ocrx_word' id='word_1_215' title='bbox 1173 3195 1332 3279; x_wconf 89' lang='lat' dir='ltr'>quasdam</span> 
     </span>
     <span class='ocr_line' id='line_1_28' title="bbox 220 3301 1333 3389; baseline -0.001 -19"><span class='ocrx_word' id='word_1_216' title='bbox 220 3303 389 3389; x_wconf 87' lang='lat' dir='ltr'>generales</span> <span class='ocrx_word' id='word_1_217' title='bbox 406 3302 558 3388; x_wconf 90' lang='lat' dir='ltr'>sequitur,</span> <span class='ocrx_word' id='word_1_218' title='bbox 582 3301 625 3368; x_wconf 89' lang='lat' dir='ltr'>ad</span> <span class='ocrx_word' id='word_1_219' title='bbox 641 3323 723 3386; x_wconf 87' lang='lat' dir='ltr'>quas</span> <span class='ocrx_word' id='word_1_220' title='bbox 738 3324 791 3370; x_wconf 90' lang='lat' dir='ltr'>res</span> <span class='ocrx_word' id='word_1_221' title='bbox 807 3304 935 3388; x_wconf 83' lang='lat' dir='ltr'>referat,</span> <span class='ocrx_word' id='word_1_222' title='bbox 959 3302 1018 3369; x_wconf 93' lang='lat' dir='ltr'>sed</span> <span class='ocrx_word' id='word_1_223' title='bbox 1041 3323 1093 3369; x_wconf 90' lang='lat' dir='ltr'>res</span> <span class='ocrx_word' id='word_1_224' title='bbox 1117 3303 1163 3368; x_wconf 88' lang='lat' dir='ltr'>ita</span> <span class='ocrx_word' id='word_1_225' title='bbox 1179 3302 1333 3370; x_wconf 81' lang='lat' dir='ltr'>describit</span> 
     </span>
     <span class='ocr_line' id='line_1_29' title="bbox 222 3409 1332 3494; baseline 0 -18"><span class='ocrx_word' id='word_1_226' title='bbox 222 3417 255 3477; x_wconf 94' lang='lat' dir='ltr'>et</span> <span class='ocrx_word' id='word_1_227' title='bbox 270 3416 409 3494; x_wconf 88' lang='lat' dir='ltr'>enarrat,</span> <span class='ocrx_word' id='word_1_228' title='bbox 430 3415 466 3475; x_wconf 93' lang='lat' dir='ltr'>ut</span> <span class='ocrx_word' id='word_1_229' title='bbox 488 3410 530 3475; x_wconf 88' lang='lat' dir='ltr'>ab</span> <span class='ocrx_word' id='word_1_230' title='bbox 553 3410 595 3476; x_wconf 92' lang='lat' dir='ltr'>iis</span> <span class='ocrx_word' id='word_1_231' title='bbox 611 3409 739 3476; x_wconf 91' lang='lat' dir='ltr'>demum</span> <span class='ocrx_word' id='word_1_232' title='bbox 759 3411 853 3494; x_wconf 91' lang='lat' dir='ltr'>quasi</span> <span class='ocrx_word' id='word_1_233' title='bbox 868 3411 1016 3477; x_wconf 92' lang='lat' dir='ltr'>notiones</span> <span class='ocrx_word' id='word_1_234' title='bbox 1031 3430 1213 3477; x_wconf 88' lang='lat' dir='ltr'>communes</span> <span class='ocrx_word' id='word_1_235' title='bbox 1236 3411 1332 3476; x_wconf 89' lang='lat' dir='ltr'>ratio-</span> 
     </span>
     <span class='ocr_line' id='line_1_30' title="bbox 220 3516 1332 3602; baseline -0.001 -19"><span class='ocrx_word' id='word_1_236' title='bbox 220 3537 342 3600; x_wconf 90' lang='lat' dir='ltr'>nesque</span> <span class='ocrx_word' id='word_1_237' title='bbox 374 3522 510 3601; x_wconf 89' lang='lat' dir='ltr'>repetat.</span> <span class='ocrx_word' id='word_1_238' title='bbox 562 3516 704 3584; x_wconf 89' lang='lat' dir='ltr'>Adhibet</span> <span class='ocrx_word' id='word_1_239' title='bbox 736 3517 835 3601; x_wconf 91' lang='lat' dir='ltr'>igitur</span> <span class='ocrx_word' id='word_1_240' title='bbox 866 3517 1038 3602; x_wconf 87' lang='lat' dir='ltr'>rationem,</span> <span class='ocrx_word' id='word_1_241' title='bbox 1074 3524 1110 3583; x_wconf 94' lang='lat' dir='ltr'>ut</span> <span class='ocrx_word' id='word_1_242' title='bbox 1140 3517 1187 3583; x_wconf 88' lang='lat' dir='ltr'>ita</span> <span class='ocrx_word' id='word_1_243' title='bbox 1218 3517 1332 3602; x_wconf 87' lang='lat' dir='ltr'>dicam,</span> 
     </span>
     <span class='ocr_line' id='line_1_31' title="bbox 220 3621 1330 3708; baseline -0.003 -19"><span class='ocrx_word' id='word_1_244' title='bbox 220 3623 325 3707; x_wconf 90' lang='lat' dir='ltr'>magis</span> <span class='ocrx_word' id='word_1_245' title='bbox 348 3621 546 3689; x_wconf 84' lang='lat' dir='ltr'>inductivum</span> <span class='ocrx_word' id='word_1_246' title='bbox 568 3630 601 3689; x_wconf 89' lang='lat' dir='ltr'>et</span> <span class='ocrx_word' id='word_1_247' title='bbox 622 3622 809 3690; x_wconf 90' lang='lat' dir='ltr'>historicam</span> <span class='ocrx_word' id='word_1_248' title='bbox 832 3644 929 3708; x_wconf 89' lang='lat' dir='ltr'>quam</span> <span class='ocrx_word' id='word_1_249' title='bbox 947 3623 1152 3690; x_wconf 86' lang='lat' dir='ltr'>deductivam</span> <span class='ocrx_word' id='word_1_250' title='bbox 1175 3630 1208 3691; x_wconf 92' lang='lat' dir='ltr'>et</span> <span class='ocrx_word' id='word_1_251' title='bbox 1229 3622 1330 3708; x_wconf 92' lang='lat' dir='ltr'>philo-</span> 
     </span>
     <span class='ocr_line' id='line_1_32' title="bbox 221 3729 1333 3816; baseline -0.004 -18"><span class='ocrx_word' id='word_1_252' title='bbox 221 3730 396 3815; x_wconf 87' lang='lat' dir='ltr'>sophicam.</span> <span class='ocrx_word' id='word_1_253' title='bbox 442 3730 492 3795; x_wconf 84' lang='lat' dir='ltr'>Ex</span> <span class='ocrx_word' id='word_1_254' title='bbox 515 3731 576 3797; x_wconf 87' lang='lat' dir='ltr'>hac</span> <span class='ocrx_word' id='word_1_255' title='bbox 599 3737 707 3797; x_wconf 90' lang='lat' dir='ltr'>autem</span> <span class='ocrx_word' id='word_1_256' title='bbox 730 3731 933 3816; x_wconf 85' lang='lat' dir='ltr'>expositione</span> <span class='ocrx_word' id='word_1_257' title='bbox 960 3730 1097 3815; x_wconf 89' lang='lat' dir='ltr'>primum</span> <span class='ocrx_word' id='word_1_258' title='bbox 1120 3729 1333 3815; x_wconf 88' lang='lat' dir='ltr'>consequitur,</span> 
     </span>
     <span class='ocr_line' id='line_1_33' title="bbox 220 3836 1333 3924; baseline -0.001 -21"><span class='ocrx_word' id='word_1_259' title='bbox 220 3845 256 3903; x_wconf 91' lang='lat' dir='ltr'>ut</span> <span class='ocrx_word' id='word_1_260' title='bbox 285 3856 385 3923; x_wconf 92' lang='lat' dir='ltr'>saepe</span> <span class='ocrx_word' id='word_1_261' title='bbox 412 3857 464 3904; x_wconf 93' lang='lat' dir='ltr'>res</span> <span class='ocrx_word' id='word_1_262' title='bbox 491 3838 659 3924; x_wconf 88' lang='lat' dir='ltr'>proposita</span> <span class='ocrx_word' id='word_1_263' title='bbox 685 3860 800 3924; x_wconf 90' lang='lat' dir='ltr'>parum</span> <span class='ocrx_word' id='word_1_264' title='bbox 826 3857 940 3924; x_wconf 88' lang='lat' dir='ltr'>presse</span> <span class='ocrx_word' id='word_1_265' title='bbox 969 3836 1103 3903; x_wconf 91' lang='lat' dir='ltr'>definita</span> <span class='ocrx_word' id='word_1_266' title='bbox 1136 3858 1175 3904; x_wconf 91' lang='lat' dir='ltr'>ae</span> <span class='ocrx_word' id='word_1_267' title='bbox 1202 3837 1333 3903; x_wconf 86' lang='lat' dir='ltr'>circum-</span> 
     </span>
     <span class='ocr_line' id='line_1_34' title="bbox 222 3943 1404 4031; baseline -0.002 -20"><span class='ocrx_word' id='word_1_268' title='bbox 222 3944 343 4029; x_wconf 88' lang='lat' dir='ltr'>scripta</span> <span class='ocrx_word' id='word_1_269' title='bbox 366 3944 417 4030; x_wconf 89' lang='lat' dir='ltr'>sit,</span> <span class='ocrx_word' id='word_1_270' title='bbox 440 3965 617 4029; x_wconf 87' lang='lat' dir='ltr'>parumque</span> <span class='ocrx_word' id='word_1_271' title='bbox 640 3952 753 4031; x_wconf 87' lang='lat' dir='ltr'>aperte</span> <span class='ocrx_word' id='word_1_272' title='bbox 777 3952 882 4012; x_wconf 88' lang='lat' dir='ltr'>exstet</span> <span class='ocrx_word' id='word_1_273' title='bbox 910 3951 967 4010; x_wconf 89' lang='lat' dir='ltr'>aut</span> <span class='ocrx_word' id='word_1_274' title='bbox 991 3945 1118 4011; x_wconf 92' lang='lat' dir='ltr'>omnino</span> <span class='ocrx_word' id='word_1_275' title='bbox 1142 3943 1226 4010; x_wconf 88' lang='lat' dir='ltr'>desit</span> <span class='ocrx_word' id='word_1_276' title='bbox 1248 3944 1334 4029; x_wconf 87' lang='lat' dir='ltr'>prin·</span> <span class='ocrx_word' id='word_1_277' title='bbox 1400 3982 1404 3989; x_wconf 93' lang='lat'>·</span> 
     </span>
     <span class='ocr_line' id='line_1_35' title="bbox 222 4050 1335 4138; baseline 0 -23"><span class='ocrx_word' id='word_1_278' title='bbox 222 4050 340 4136; x_wconf 90' lang='lat' dir='ltr'>oipium</span> <span class='ocrx_word' id='word_1_279' title='bbox 353 4050 516 4134; x_wconf 89' lang='lat' dir='ltr'>quoddam</span> <span class='ocrx_word' id='word_1_280' title='bbox 530 4058 628 4136; x_wconf 90' lang='lat' dir='ltr'>atque</span> <span class='ocrx_word' id='word_1_281' title='bbox 652 4051 759 4138; x_wconf 89' lang='lat' dir='ltr'>cardo,</span> <span class='ocrx_word' id='word_1_282' title='bbox 783 4052 901 4118; x_wconf 88' lang='lat' dir='ltr'>circum</span> <span class='ocrx_word' id='word_1_283' title='bbox 916 4072 1011 4135; x_wconf 91' lang='lat' dir='ltr'>quem</span> <span class='ocrx_word' id='word_1_284' title='bbox 1025 4051 1132 4116; x_wconf 88' lang='lat' dir='ltr'>omnia</span> <span class='ocrx_word' id='word_1_285' title='bbox 1150 4071 1189 4117; x_wconf 92' lang='lat' dir='ltr'>ac</span> <span class='ocrx_word' id='word_1_286' title='bbox 1205 4051 1335 4135; x_wconf 89' lang='lat' dir='ltr'>singula</span> 
     </span>
     <span class='ocr_line' id='line_1_36' title="bbox 221 4156 1334 4243; baseline 0 -21"><span class='ocrx_word' id='word_1_287' title='bbox 221 4163 397 4243; x_wconf 86' lang='lat' dir='ltr'>vertantur,</span> <span class='ocrx_word' id='word_1_288' title='bbox 421 4179 483 4242; x_wconf 92' lang='lat' dir='ltr'>quo</span> <span class='ocrx_word' id='word_1_289' title='bbox 507 4158 702 4225; x_wconf 89' lang='lat' dir='ltr'>cohaereant</span> <span class='ocrx_word' id='word_1_290' title='bbox 725 4165 756 4226; x_wconf 94' lang='lat' dir='ltr'>et</span> <span class='ocrx_word' id='word_1_291' title='bbox 780 4160 1010 4225; x_wconf 86' lang='lat' dir='ltr'>contineantur.</span> <span class='ocrx_word' id='word_1_292' title='bbox 1054 4158 1198 4224; x_wconf 88' lang='lat' dir='ltr'>Membra</span> <span class='ocrx_word' id='word_1_293' title='bbox 1217 4156 1334 4224; x_wconf 90' lang='lat' dir='ltr'>deinde</span> 
     </span>
    </p>
   </div>
   <div class='ocr_carea' id='block_1_4' title="bbox 221 4298 1334 4455">
    <p class='ocr_par' dir='ltr' id='par_1_5' title="bbox 221 4298 1334 4455">
     <span class='ocr_line' id='line_1_37' title="bbox 295 4298 1334 4370; baseline -0.001 -16"><span class='ocrx_word' id='word_1_294' title='bbox 295 4299 317 4368; x_wconf 80' lang='lat'>¹)</span> <span class='ocrx_word' id='word_1_295' title='bbox 334 4301 376 4356; x_wconf 77' lang='lat' dir='ltr'>ue</span> <span class='ocrx_word' id='word_1_296' title='bbox 394 4301 456 4370; x_wconf 68' lang='lat' dir='ltr'>cys.</span> <span class='ocrx_word' id='word_1_297' title='bbox 477 4301 571 4355; x_wconf 84' lang='lat' dir='ltr'>re-</span> <span class='ocrx_word' id='word_1_298' title='bbox 597 4298 618 4369; x_wconf 75' lang='lat'>²)</span> <span class='ocrx_word' id='word_1_299' title='bbox 640 4300 698 4356; x_wconf 80' lang='lat' dir='ltr'>ruo.</span> <span class='ocrx_word' id='word_1_300' title='bbox 720 4301 760 4366; x_wconf 87' lang='lat'>13,</span> <span class='ocrx_word' id='word_1_301' title='bbox 782 4302 823 4354; x_wconf 85' lang='lat'>19.</span> <span class='ocrx_word' id='word_1_302' title='bbox 843 4329 875 4340; x_wconf 89' lang='lat'><em>-</em></span> <span class='ocrx_word' id='word_1_303' title='bbox 901 4298 923 4369; x_wconf 73' lang='grc'>8)</span> <span class='ocrx_word' id='word_1_304' title='bbox 946 4300 1004 4354; x_wconf 77' lang='lat' dir='ltr'>rou</span> <span class='ocrx_word' id='word_1_305' title='bbox 1025 4302 1066 4354; x_wconf 75' lang='grc' dir='ltr'>ιε.</span> <span class='ocrx_word' id='word_1_306' title='bbox 1087 4328 1119 4337; x_wconf 90' lang='grc'>-</span> <span class='ocrx_word' id='word_1_307' title='bbox 1146 4301 1167 4368; x_wconf 66' lang='grc' dir='ltr'>*ι</span> <span class='ocrx_word' id='word_1_308' title='bbox 1186 4299 1334 4364; x_wconf 61' lang='lat' dir='ltr'>sucum,</span> 
     </span>
     <span class='ocr_line' id='line_1_38' title="bbox 221 4388 350 4455; baseline -0.008 -8"><span class='ocrx_word' id='word_1_309' title='bbox 221 4388 306 4455; x_wconf 67' lang='lat' dir='ltr'>tom,</span> <span class='ocrx_word' id='word_1_310' title='bbox 323 4389 350 4446; x_wconf 84' lang='lat' dir='ltr'>b.</span> 
     </span>
    </p>
   </div>
   <div class='ocr_carea' id='block_1_5' title="bbox 0 0 1568 4884">
    <p class='ocr_par' dir='ltr' id='par_1_6' title="bbox 0 0 1568 4884">
     <span class='ocr_line' id='line_1_39' title="bbox 0 0 1568 4884; baseline 0 0"><span class='ocrx_word' id='word_1_311' title='bbox 0 0 1568 4884; x_wconf 95' lang='lat' dir='ltr'> </span> 
     </span>
    </p>
   </div>
  </div>
 </body>
</html>
