3109 4884
790 380 835 444 30

259 569 305 636 Of.
330 570 381 648 25,
406 571 448 635 23
471 568 555 636 οὐδὲν
583 575 650 656 γὰρ
681 570 723 638 ἂν
755 569 858 645 αὐτοῖς
888 577 1126 659 χαλεπώτερον
1161 578 1297 640 roaros
1319 574 1370 663 ἢ·

259 678 387 764 μὲν-δέ,
412 678 440 758 7,
464 679 506 743 39
529 675 599 762 ‘o'crp
623 682 905 763 γὰρ-τοσοὺτῳ,
930 679 968 745 cf.
993 683 1045 761 34,
1070 684 1100 749 8.

324 783 491 849 Peroratio
535 784 691 870 epitaphii
728 785 880 871 incipitur
912 787 1111 854 transitionis
1143 788 1279 853 formula
1310 787 1372 853 hoc

257 888 329 975 ipso
365 890 539 975 praecipue
573 891 728 958 orationis
760 892 832 958 loco
864 892 952 978 apud
984 893 1116 979 Lysiam
1148 894 1370 961 usitatissima.

256 996 340 1065 Nam
362 1003 531 1082 praeterea
562 1004 718 1084 usurpata
745 1005 797 1066 est
820 1001 849 1084 7,
873 1002 925 1066 42.
962 1003 1010 1084 10,
1034 992 1085 1066 31.
1134 1003 1182 1084 12,
1207 1004 1259 1086 37,
1291 1003 1372 1084 (61)·

260 1107 310 1183 16,
335 1106 364 1169 9.
396 1106 448 1184 22,
474 1106 525 1170 22.
572 1104 636 1171 Sed
658 1106 719 1171 hoc
742 1106 847 1172 minus
869 1105 947 1171 mihi
974 1106 1087 1173 mirum
1114 1106 1242 1173 videtur
1270 1127 1370 1191 quam

258 1209 344 1294 quod
358 1211 507 1276 contiuuo
522 1211 618 1277 simili
633 1213 863 1278 sententiarum
882 1213 993 1279 ordine
1008 1213 1184 1297 eademque
1199 1214 1369 1287 verborum

258 1315 362 1401 figura
384 1318 528 1403 pergitur
551 1324 648 1402 atque
670 1320 742 1404 pari
764 1320 836 1386 loco
860 1319 893 1383 in
916 1340 959 1386 or.
984 1323 1040 1386 24:
1065 1324 1141 1401 §77
1166 1317 1282 1386 Ἀλλὰ
1305 1326 1371 1407 γὰρ

258 1422 321 1490 oda
343 1422 408 1490 οἶδ’
430 1423 447 1490 δ
469 1449 501 1491 τι
524 1427 575 1491 δεῖ
606 1424 718 1492 τοιαῦτ’
751 1426 965 1516 ὀλοφὺρεσδαι.
998 1426 1034 1493 od
1068 1432 1134 1513 γὰρ
1163 1429 1372 1518 ἐλανθάνομεν

257 1528 339 1620 ἡμᾶς
369 1528 478 1605 αὐτοὺς
509 1531 596 1606 ὄντες
626 1534 745 1620 θνητοί.
779 1533 858 1599 ὥστε
886 1541 918 1599 τί
953 1537 1004 1599 δεῖ
1018 1571 1029 1581 ·
1044 1535 1215 1621 &piscium
1253 1538 1305 1621 24,
1328 1539 1369 1602 21

258 1745 403 1832 μεγίστων
425 1745 541 1832 εἴρηκα,
560 1747 594 1811 τί
616 1747 692 1810 δεῖ·
703 1749 890 1829 σπουδάζειν,
914 1747 984 1813 Hoc
997 1747 1096 1830 igitur
1109 1746 1205 1814 modo
1222 1749 1370 1816 conscla-

257 1851 344 1918 tione
353 1851 501 1918 instituta
515 1858 612 1936 atque
627 1853 747 1918 maiore
761 1852 917 1920 facultate
932 1860 964 1920 et
980 1854 1074 1939 copia
1088 1854 1221 1922 liberius
1237 1855 1366 1923 dicendi

256 1965 446 2045 recuperata
470 1966 578 2026 orator
601 1961 695 2044 quasi
718 1960 824 2027 denuo
842 1961 970 2028 videtur
984 1961 1153 2029 ostendere
1176 1964 1269 2049 velle,
1292 1961 1368 2047 quid

257 2066 290 2131 in
322 2067 491 2133 verborum
522 2068 733 2134 consonantia
760 2068 911 2152 cultuque
938 2069 1174 2154 pigmentorum
1202 2077 1368 2155 praestare

257 2173 371 2258 possit.
416 2173 529 2257 Neque
561 2194 637 2241 vero
665 2173 727 2239 hoc
754 2195 775 2239 a
802 2175 903 2260 Lysia
931 2176 1064 2259 eiusque
1090 2176 1216 2242 ratione
1242 2177 1366 2240 omnino

258 2279 398 2345 alienum
421 2287 479 2346 est.
528 2280 566 2344 In
597 2283 637 2348 18
665 2279 795 2365 quidem
822 2281 967 2347 oratione
995 2303 1053 2366 pro
1081 2282 1193 2350 Niciae
1220 2281 1364 2365 cognatis

257 2385 386 2471 scripta,
410 2387 460 2452 cui
483 2386 535 2452 hic
549 2393 658 2453 orator
680 2388 748 2454 sive
772 2387 933 2471 gravitate
957 2408 1077 2455 causae
1100 2395 1274 2455 commotus
1298 2388 1366 2454 sive
1391 2466 1396 2475 .

257 2498 366 2559 vetere
389 2495 528 2577 quodam
557 2493 664 2562 studio
691 2494 779 2562 illius
812 2495 904 2562 ducis
937 2494 1051 2562 ductus
1084 2495 1368 2561 demonstrativum

257 2601 416 2683 quendam
448 2621 560 2667 sonum
592 2601 728 2688 addidit,
761 2603 838 2669 item
865 2603 899 2668 in
921 2602 1050 2687 epilogo
1074 2603 1108 2667 in
1129 2602 1285 2682 maiomm
1307 2602 1366 2667 vir-

256 2707 378 2774 tutibus
400 2706 573 2776 laudandis
596 2715 694 2792 atque
716 2707 922 2795 appellandis
944 2730 1003 2795 pro
1026 2715 1099 2774 rata
1113 2713 1206 2796 parte
1220 2708 1366 2792 aliquan-

256 2821 323 2880 tum
346 2815 488 2898 assurgit
511 2814 732 2899 similibusque
763 2814 938 2898 figurarum
970 2816 1165 2883 ornamentis
1195 2815 1368 2882 dictionem

257 2921 434 3006 distinguit
479 2922 517 2987 In
539 2929 674 3006 utraque
702 2942 778 2989 vero
808 2923 952 2989 oratione
974 2944 1033 3009 pro
1059 2924 1107 2990 rei
1134 2931 1250 2990 natura
1277 2943 1367 3008 pero-

257 3029 339 3094 ratio
363 3028 562 3096 concluditur
589 3029 815 3115 polysyndeto,
846 3028 932 3113 quod
958 3030 1068 3114 utiquc
1098 3050 1161 3095 non
1195 3049 1366 3116 possumus

257 3133 365 3201 lacere
397 3136 473 3219 quin
507 3136 740 3203 exscribamus:
779 3139 863 3218 §81
896 3138 964 3220 ἐγὼ
993 3142 1053 3224 μὲν
1080 3134 1141 3202 οὖν
1169 3134 1276 3211 αὐτοὺς
1306 3141 1367 3202 καὶ

256 3247 409 3329 μακαρίζω
440 3253 493 3308 τοῦ
524 3248 659 3309 θανάτου
686 3247 749 3308 καὶ
785 3246 865 3331 ζηλῶ
896 3242 1110 3331 καὶ-οἶμαι,
1145 3247 1195 3328 18,
1227 3247 1268 3311 27
1300 3245 1367 3327 ἐγὼ

255 3354 319 3436 μὲν
348 3345 408 3414 oco
434 3353 495 3414 καὶ
521 3350 624 3436 δέομαι
652 3354 712 3415 καὶ
741 3349 888 3432 ἀντιβολῶ
919 3356 983 3415 καὶ
1013 3349 1135 3414 {acreio
1165 3350 1365 3423 καὶ-ἀξιῶ.

256 3456 368 3539 Neque
400 3455 481 3521 illud
511 3458 571 3540 ἐγὼ
603 3461 655 3544 μὲν
687 3453 740 3522 οὖν
772 3455 834 3522 hoc
861 3455 990 3539 quidem
1017 3456 1183 3540 utriusque
1211 3457 1366 3523 orationis

255 3562 326 3628 loco
355 3561 437 3629 forte
465 3560 593 3629 fortuna
619 3563 747 3629 videtur
773 3583 847 3630 esse
873 3562 1021 3649 positum.
1074 3564 1255 3650 Usurpatur
1282 3564 1366 3629 enirn

256 3669 369 3736 eadem
392 3670 459 3736 fere
473 3670 597 3737 ratione
611 3670 644 3736 in
659 3670 787 3757 epilogo
813 3675 841 3756 1,
864 3674 916 3738 47.
942 3673 991 3757 14,
1013 3673 1065 3738 46.
1092 3673 1141 3757 15,
1167 3675 1215 3738 12.
1243 3673 1291 3748 18,
1313 3672 1365 3734 27.

256 3778 307 3856 21,
332 3779 384 3847 22.
409 3779 461 3863 28,
486 3780 535 3845 16.
559 3781 612 3858 29,
639 3781 688 3846 14.
732 3777 784 3842 Er.
808 3779 906 3844 2340.

320 3883 365 3949 Ut
387 3884 452 3950 iam
474 3884 581 3968 magis
604 3884 782 3969 generatim
805 3884 846 3951 de
861 3884 1090 3971 compositione
1105 3884 1249 3950 dicamus
1268 3890 1365 3967 atque

256 3990 376 4056 nudam
398 3990 602 4076 periodorum
625 3998 818 4057 structuram
841 4012 1020 4078 sequamur,
1042 4013 1106 4058 non
1123 3992 1263 4055 alienum
1278 3990 1364 4056 vide-

255 4105 306 4164 tur
336 4118 408 4165 esse
435 4099 570 4184 primum
597 4097 770 4184 inquirere,
800 4099 914 4182 quibus
945 4099 1157 4165 iunctionibus
1190 4104 1287 4181 atque
1318 4098 1365 4162 in-

259 4205 479 4290 gressionibus
501 4206 535 4271 in
559 4205 726 4272 sententiis
750 4204 912 4273 struendis
935 4206 1169 4291 iungendisque
1191 4205 1309 4291 Lysias
1332 4205 1365 4269 in

259 4311 423 4397 epitaphio
447 4333 524 4378 usus
547 4312 598 4378 sit.
642 4312 714 4380 Non
728 4332 791 4395 quo
814 4332 878 4378 non
891 4333 955 4379 una
969 4312 1111 4379 alterave
1135 4333 1243 4379 earum
1268 4313 1365 4378 etiam

259 4417 345 4502 apud
382 4417 465 4485 alios
501 4417 674 4504 scriptores
709 4418 904 4498 inveniatur,
941 4419 1000 4485 sed
1031 4440 1141 4486 omnes
1176 4421 1210 4485 in
1241 4436 1365 4484 summa
