3109 4884
740 353 783 416 43

210 526 365 631 originem
380 546 486 631 ipsam
500 545 708 632 probandam,
733 547 805 631 quis
821 553 871 613 est
894 548 949 630 qui
971 568 1035 613 non
1049 547 1234 632 intelligat?
1269 549 1320 614 An

209 653 308 719 verba
329 653 387 718 illa
415 654 457 720 Is.
482 654 512 738 4,
528 655 570 720 74
593 651 620 718 οἱ
643 657 775 740 μάλιστα
798 658 976 741 δυνηθέντες
998 667 1056 721 τῶν
1079 657 1208 720 πολιτῶν
1230 653 1320 721 εἰπεῖν

209 760 257 826 ἐπὶ
278 772 342 835 τοῖς
364 762 494 848 δημοσίᾳ
516 765 715 848 θαπτομένοις
737 765 884 835 πολλάκις
906 762 1074 848 εἰρήκασιν,
1099 761 1257 846 siquidem
1280 763 1321 829 iis

209 867 311 934 nostri
335 887 460 951 quoque
473 869 526 934 vel
549 868 655 953 etiam,
678 868 765 952 quod
783 868 913 951 quidem
936 889 976 933 ex
998 868 1060 934 hoc
1082 869 1153 934 loco
1173 876 1322 956 respectu

210 975 310 1040 totius
324 974 410 1041 illius
425 975 458 1040 in
471 975 668 1060 panegyrico
683 975 873 1042 imitationis
891 974 979 1041 haud
999 975 1095 1041 dubie
1110 976 1322 1061 consequitur,

210 1080 365 1166 imprimis
383 1082 485 1147 nostri
499 1081 656 1167 epitaphii
670 1088 782 1148 auctor
795 1082 1024 1167 intelligendus
1049 1088 1106 1168 est,
1130 1083 1173 1148 ad
1187 1084 1324 1168 primum

173 1216 178 1225 «
212 1207 369 1272 quemque
395 1187 589 1254 mediocrem
616 1188 775 1254 rhetorem
803 1188 915 1257 referri
944 1190 1100 1275 possunt?
1146 1190 1219 1255 Jam
1246 1209 1323 1255 vero

212 1294 241 1360 si
264 1315 328 1379 qua
342 1294 586 1379 qualiacumque
609 1295 730 1361 indicia
753 1302 888 1381 apertae
911 1316 951 1361 ex
974 1296 1048 1363 aliis
1063 1317 1189 1380 quoque
1202 1296 1324 1380 Lysiae

213 1400 410 1468 orationibus
446 1402 655 1470 mutuationis
691 1403 779 1489 apud
816 1403 992 1470 Isocratem
1028 1403 1156 1471 ostendi
1188 1404 1324 1499 possint,

212 1508 301 1574 nulla
324 1509 388 1575 iam
412 1509 453 1575 de
475 1508 538 1576 hac
559 1530 595 1575 re
617 1518 719 1578 restet
742 1511 910 1580 dubitatio.
948 1513 990 1577 Et
1012 1513 1156 1598 profecto
1179 1512 1221 1578 Is.
1238 1514 1267 1596 6,
1282 1513 1324 1578 83

214 1621 246 1681 et
273 1618 302 1700 8,
321 1619 364 1682 43
391 1636 492 1702 prope
520 1617 677 1684 accedunt
704 1617 747 1683 ad
774 1618 851 1704 Lys.
878 1620 930 1704 34,
958 1621 1009 1704 11,
1037 1619 1235 1685 transitionis
1263 1618 1325 1683 for·

213 1723 300 1788 mula
318 1723 359 1789 Is.
377 1726 426 1808 19,
441 1727 463 1789 4
487 1726 633 1808 congruit
656 1745 727 1791 oum
740 1726 817 1810 Lys.
834 1729 884 1811 13,
898 1729 927 1811 4,
950 1726 1120 1792 translatio
1142 1725 1326 1809 locutioque

213 1829 255 1895 Is.
281 1832 329 1914 19,
344 1832 386 1896 32
409 1831 513 1915 petita
537 1837 587 1897 est
610 1852 650 1897 ex
671 1832 747 1917 hys.
771 1832 808 1897 fr.
832 1834 884 1899 84.
931 1832 997 1899 Sed
1020 1833 1049 1898 si
1071 1852 1164 1918 nunc,
1187 1839 1223 1898 ut
1245 1832 1327 1898 haec

215 1936 372 2022 omittam,
404 1936 447 2002 ad
475 1943 583 2003 cetera
609 1937 680 2023 illa,
713 1959 733 2003 a
761 1939 878 2022 quibus
906 1939 1098 2024 principium
1127 1939 1326 2023 quaestionis

216 2042 367 2128 cepimus,
391 2050 581 2128 argumenta
599 2043 678 2111 foris
693 2052 861 2131 assumpta
874 2046 1069 2130 revertimur,
1092 2046 1176 2111 hano
1198 2047 1327 2112 brevem

217 2148 495 2217 ratiocinationem
518 2159 703 2218 construere
731 2160 828 2236 atque
857 2154 903 2218 ita
927 2154 1022 2235 quasi
1046 2174 1086 2219 ex
1108 2153 1258 2219 interiore
1280 2153 1328 2218 rei

216 2261 310 2341 parte
332 2257 484 2324 circulum
498 2259 658 2343 quendam
673 2260 920 2343 argumentandi
934 2259 1125 2326 concludere
1148 2279 1327 2345 possumus.

217 2365 252 2429 Si
266 2366 350 2431 enim
373 2373 466 2434 aetas
480 2368 595 2437 saltem
609 2367 767 2453 epitaphii
781 2388 838 2453 pro
863 2374 950 2435 certo
974 2374 1049 2453 stat,
1071 2369 1128 2434 illa
1143 2368 1327 2435 coniectura

217 2491 333 2557 eorum,
356 2474 420 2558 qui,
444 2473 567 2539 scilicet
581 2481 617 2539 ut
633 2494 704 2539 eum
721 2481 905 2560 suspectum
924 2474 1096 2540 redderent
1119 2480 1218 2557 atque
1240 2473 1327 2538 labe-

216 2578 382 2666 factarent,
405 2586 599 2666 putaverunt
618 2581 712 2648 ludos
735 2581 894 2667 funebres,
918 2587 1030 2666 utpote
1044 2601 1177 2664 quorum
1201 2580 1235 2645 in
1259 2580 1328 2646 eius

216 2685 412 2754 laudationis
441 2689 646 2774 peroratione
672 2688 731 2754 liat
757 2690 891 2774 mentio,
919 2688 997 2753 belli
1028 2687 1224 2753 Corinthiaci
1251 2693 1328 2752 tem-

216 2792 347 2876 poribus
374 2794 514 2861 nendum
542 2796 723 2862 celebratos
753 2796 867 2881 luisse,
900 2794 1040 2861 concidit
1068 2794 1226 2878 simulque
1258 2814 1329 2859 eum

218 2918 258 2964 ea
280 2908 509 2987 argumentum,
532 2902 619 2985 quod
632 2903 802 2970 Menexeni
825 2923 951 2987 quoque
974 2903 1120 2968 Platonis
1144 2900 1327 2967 auetoritat'

218 3012 274 3071 aut
301 3013 387 3072 certe
414 3009 516 3074 aetati
543 3008 714 3101 videbatur
737 3012 881 3094 obstare,
909 3029 1041 3094 prorsus
1071 3008 1249 3074 collabitur.
1295 3007 1331 3072 Si

219 3119 326 3178 autem
362 3113 441 3180 nihil
474 3121 536 3201 est,
574 3136 629 3182 cur
665 3116 706 3181 de
737 3116 832 3182 huius
865 3136 991 3199 quoque
1030 3115 1137 3201 operis
1169 3120 1331 3181 vetustate

219 3220 347 3303 quidem
370 3242 525 3306 germana
538 3224 728 3308 dubitemus,
751 3224 809 3288 illa
832 3222 964 3289 interior
986 3221 1078 3308 ratio,
1102 3242 1186 3306 quae
1210 3220 1240 3287 ei
1261 3241 1331 3286 cum

221 3327 384 3412 epitaphio
421 3331 542 3415 Lysiae
579 3350 652 3397 esse
687 3337 837 3416 putatur,
883 3350 1035 3413 magnam
1070 3328 1332 3415 probabilitatem

221 3435 418 3521 assequitur,
451 3458 573 3523 eaeque
610 3437 772 3504 orationes
810 3437 873 3503 sibi
908 3437 1045 3503 invicem
1081 3436 1219 3502 traditos
1256 3454 1332 3500 suos

221 3547 369 3607 auctores
392 3541 527 3609 fulciunt
549 3552 646 3628 atque
660 3551 796 3613 tuentur.
832 3543 895 3622 Qui
918 3545 1002 3610 enim
1025 3543 1156 3610 tandem
1179 3542 1214 3607 id
1237 3542 1332 3606 aliter

222 3667 258 3714 se
294 3648 413 3715 habere
449 3653 582 3736 potest?
638 3653 765 3718 Etenim
801 3652 854 3717 vel
890 3652 946 3715 illo
985 3634 1137 3717 eiusdem
1167 3648 1332 3734 scriptoris

222 3753 362 3820 Phaedri
376 3759 522 3843 exemplo
538 3758 581 3824 ad
594 3758 678 3824 hanc
692 3758 908 3824 coniecturam
922 3757 1167 3842 opinionemque
1182 3755 1333 3821 ducimur.

224 3860 289 3927 Sed
311 3863 404 3929 Plato
432 3864 642 3951 philosophus
671 3886 742 3931 cum
767 3865 801 3929 in
827 3865 884 3929 illo
913 3863 1047 3947 dialogo
1070 3863 1203 3949 Lysiam
1229 3863 1334 3945 magis

223 3973 258 4032 ut
281 3970 458 4054 sophistam
486 3973 548 4038 sibi
575 3973 664 4039 visus
693 3979 781 4039 esset
808 3971 930 4037 directo
959 3977 1068 4055 petere
1098 3978 1130 4036 et
1157 3970 1274 4035 debere
1303 3975 1335 4035 et

223 4095 333 4161 posse,
356 4085 392 4162 ut
415 4086 574 4146 oratorem
597 4080 630 4145 in
652 4080 829 4145 Menexeno
854 4097 989 4161 eumque
1013 4097 1091 4142 suae
1115 4077 1242 4142 aetatis·
1256 4096 1334 4142 sane

224 4182 475 4273 celeberrimum,
505 4194 541 4253 ut
564 4187 640 4253 mihi
664 4185 793 4271 quidem
816 4184 956 4270 videtur,
980 4190 1092 4269 aperte
1116 4190 1148 4248 et
1170 4184 1279 4267 palam
1302 4182 1335 4246 in

224 4289 376 4356 iudicium
404 4314 521 4360 vocare
547 4315 611 4360 non
635 4313 734 4360 ausus
758 4299 821 4377 est,
850 4291 909 4358 sed
936 4298 1021 4357 tecte
1050 4296 1147 4372 atque
1173 4295 1336 4371 tamquam

225 4396 258 4460 in
285 4417 416 4464 recessu
444 4400 550 4468 irrisit.
596 4400 660 4468 Sed
688 4407 858 4483 utcumque
890 4398 925 4464 id
952 4405 1014 4483 est,
1047 4397 1129 4463 forte
1157 4394 1271 4480 evenit,
1301 4401 1337 4460 ut
