3109 4884
727 297 767 361 27

187 494 563 582 argumentationemque
586 490 757 557 dilatatam
781 510 854 557 esse
870 488 1123 556 animadvertis?
1158 489 1304 574 Insignis

189 603 274 670 enim
297 598 506 685 comparandi
529 603 690 664 momenta
712 597 882 680 utrubique
904 595 956 662 his
971 595 1079 663 verbis
1102 595 1190 662 elata
1213 603 1302 662 sunt:

189 715 210 791 ξ
234 710 274 779 16
299 705 552 795 εὐτυχέστεροι
574 706 770 786 ἐγένοντο-
794 705 902 790 καίπερ
924 702 967 769 ὢν
990 702 1142 785 ἀγαθῶν
1165 706 1305 769 πολλῶν

191 816 283 890 αἴτιος
316 813 450 880 ἅπασιν
482 812 651 898 ἀνθρώποις
682 848 726 859 -
756 812 892 898 ἐχθρὸν
923 810 996 877 ὄντα
1026 813 1304 898 τιμωρήσασθαι

192 925 258 1009 (15,
284 925 325 989 12
347 923 371 987 ἐ.
391 919 417 986 ὀ.
441 925 497 998 τ.);
524 923 573 1005 14,
591 921 720 989 18-.20
742 917 838 994 οὕτως
859 915 1023 1006 εὔτοχεῐς
1044 916 1119 985 εἶναι
1145 954 1179 965 -
1206 918 1304 985 καίτοι

190 1032 326 1095 πολλαλ
353 1032 409 1112 (sc.
440 1025 586 1113 ἀρεταὶ)
618 1031 671 1092 καὶ
702 1030 829 1114 μεγάλαι
859 1030 911 1092 καὶ
938 1022 1009 1112 ὑπὲρ
1042 1024 1211 1092 ἁπάντων
1242 1032 1304 1092 τῶν

190 1134 341 1222 Ἑλλήνων
372 1140 509 1219 γεγόνασι
535 1169 569 1181 -
596 1137 853 1221 τιμωροομενοε
888 1134 958 1205 τοὺς
989 1133 1160 1219 ἐχθροὺς.
1213 1131 1303 1197 Gorn-

191 1241 353 1328 parationi
376 1240 490 1307 similis
518 1249 569 1307 est
591 1240 840 1324 argumentatio,
873 1259 937 1323 qua
965 1258 1005 1304 ex
1031 1238 1154 1306 minore
1180 1237 1305 1322 aliquid

189 1347 295 1414 maius
321 1348 375 1413 vel
402 1353 514 1413 contra
537 1346 706 1431 colligitur.
751 1347 858 1431 Atque
885 1346 946 1412 hoc
975 1346 1070 1412 modo
1098 1344 1176 1412 belli
1202 1345 1304 1412 virtus

192 1456 238 1523 sic
263 1458 283 1537 ἓ
306 1455 349 1522 65
372 1454 549 1521 affirmatur
576 1455 620 1520 ad
643 1454 873 1539 extollendum,
900 1459 936 1519 ut
961 1455 1009 1539 14,
1038 1455 1080 1520 36
1108 1452 1152 1517 ad
1180 1454 1302 1520 obtrec-

192 1560 324 1628 tandum
337 1568 482 1646 negatur.
526 1562 639 1647 Longe
654 1561 744 1629 aliud
757 1559 920 1647 quoddam
935 1566 1155 1626 ornamentum
1174 1558 1303 1627 dicendi

192 1672 212 1751 ξ
240 1670 284 1735 45
311 1668 491 1735 adhibitum
518 1675 580 1755 est,
613 1668 699 1754 quod
727 1668 771 1735 ad
799 1668 940 1755 speciem
968 1667 1057 1732 illam
1086 1666 1304 1753 simplicitatis

192 1775 356 1861 Lysianae
382 1775 470 1842 haud
496 1797 609 1862 parum
636 1776 737 1844 affert
785 1776 848 1842 Vix
877 1775 961 1842 enim
983 1773 1053 1840 fieri
1075 1774 1195 1861 potuit,
1227 1775 1304 1859 quin

192 1882 245 1948 hio
268 1889 376 1949 orator
390 1882 469 1950 salis
483 1883 744 1969 summorumque,
767 1884 882 1968 quibus
898 1889 1023 1950 ceteras
1047 1882 1210 1949 orationes
1233 1903 1303 1967 per-

194 2009 350 2076 spergens
386 1995 453 2055 tarn
489 1990 631 2056 suaviter
668 1989 809 2057 delectat
845 1997 942 2074 atque
974 1990 1116 2056 Siculam
1148 1989 1304 2073 originem

194 2117 286 2164 suam
298 2102 509 2180 naturamque
524 2095 677 2183 declarat,
699 2098 733 2163 in
747 2098 913 2184 epitaphio
928 2116 1054 2181 quoque
1076 2118 1173 2164 unum
1188 2096 1303 2164 saltem

194 2204 320 2289 signum
343 2203 445 2270 daret
488 2202 537 2270 Ac
564 2224 665 2288 genus
695 2204 858 2291 quoddam
884 2205 1009 2271 ironiae
1036 2204 1164 2272 exsistit
1190 2225 1211 2269 a
1234 2203 1303 2271 foro

193 2310 376 2395 iudicioque
402 2331 466 2376 non
493 2310 646 2397 alienum,
679 2311 707 2379 si
739 2313 818 2396 quid
847 2333 906 2397 per
934 2312 1223 2379 dissimulationem
1252 2310 1305 2378 vel

193 2435 252 2500 per
282 2416 533 2501 indignationem
570 2418 755 2486 conceditur
786 2438 1037 2503 concessumque
1072 2418 1203 2485 notione
1235 2418 1303 2483 uni·

196 2520 358 2588 versitatis
381 2531 604 2610 exaggeratur,
635 2525 732 2591 Velut
757 2527 807 2611 10,
831 2528 872 2593 21
896 2545 980 2611 reus,
1004 2525 1067 2611 qui,
1090 2525 1177 2609 quod
1191 2524 1304 2591 adver·

195 2628 314 2695 sarium
328 2630 447 2697 abiecti
461 2631 558 2718 clipei
573 2631 778 2717 insimulavit,
802 2632 873 2717 ipse
887 2632 929 2698 ab
943 2632 1005 2699 hoc
1018 2632 1163 2716 arguitur
1177 2638 1304 2717 patrem

194 2754 285 2801 suum
316 2736 530 2825 interfecisse,
560 2740 715 2824 pietatem
749 2759 843 2806 suam
873 2739 1204 2824 indignationemque,
1240 2760 1306 2824 qua

194 2843 328 2927 exarsit,
360 2865 398 2910 eo
430 2845 532 2923 levat,
565 2846 650 2930 quod
678 2847 897 2934 superlatione
928 2868 1007 2915 usus
1034 2846 1113 2914 dicit
1145 2867 1181 2914 se
1207 2846 1305 2913 malle

193 2952 363 3022 adenrodae
376 2949 503 3024 ἀσπίδας
516 2952 677 3021 abiecisse
700 2975 806 3038 quam,
819 2956 853 3019 in
874 2954 933 3020 tali
957 2953 1043 3020 fama
1067 2954 1108 3020 de
1130 2959 1223 3039 patre
1246 2973 1304 3020 suo

194 3075 276 3123 esse.
321 3056 443 3122 Eodem
476 3058 574 3142 igitur
604 3059 699 3126 modo
731 3061 787 3127 illo
820 3061 977 3147 epitaphii
1007 3061 1078 3127 loco
1113 3060 1204 3128 ethos
1234 3081 1305 3146 per

195 3182 344 3230 sonarum
368 3165 461 3248 quasi
484 3165 629 3251 erumpit.
680 3166 759 3233 (lum
783 3168 866 3234 enim
888 3188 999 3254 pugna
1021 3167 1079 3234 illa
1101 3169 1190 3254 apud
1213 3168 1304 3234 Sala·

194 3271 281 3336 mina
295 3272 465 3340 commissa
479 3273 706 3360 Peloponnesii
721 3274 770 3342 sui
787 3273 982 3342 defendendi
997 3296 1097 3343 eausa
1121 3274 1156 3341 id
1171 3275 1304 3361 agitent,

196 3385 230 3444 ut
252 3379 405 3446 Isthmum
428 3382 653 3468 communiant,
674 3382 889 3451 Athenienses
912 3383 954 3449 de
976 3383 1038 3449 hac
1060 3403 1096 3449 re
1118 3382 1167 3449 ira
1179 3381 1304 3448 incensi

195 3486 236 3552 iis
252 3484 397 3571 suadent,
416 3494 451 3553 ut
467 3487 587 3555 dccccv
601 3490 859 3576 Peloponnesum
874 3506 963 3556 muro
980 3488 1184 3556 circumdent
1221 3490 1304 3558 Nam

195 3591 224 3659 si
251 3592 342 3677 ipsos
368 3593 598 3680 imperiumque
625 3597 818 3663 maritimum
854 3596 925 3681 regi
955 3596 1126 3662 Persarum
1152 3597 1304 3682 permise-

194 3699 266 3785 rint,
290 3700 331 3765 de
354 3699 493 3768 Graecia
516 3709 623 3769 aetum
636 3704 714 3771 fore.
750 3704 788 3768 In
811 3702 1069 3789 amplificatione,
1092 3710 1128 3769 ut
1150 3702 1213 3769 hue
1235 3703 1303 3768 ani-

195 3826 280 3871 mum
305 3806 518 3894 intendamus,
544 3810 663 3896 Lysias
690 3831 885 3896 quamquam
916 3830 974 3895 pro
1007 3829 1067 3875 sua
1095 3810 1303 3896 simplicitate

194 3912 326 3979 inferior
357 3922 415 4000 est,
451 3921 559 3981 tamen
591 3916 854 4001 exaggerationis
886 3935 1003 4000 genere
1035 3935 1113 3982 usus
1145 3922 1204 4001 est,
1241 3935 1303 4000 quo

194 4019 308 4085 mirum
330 4042 425 4104 quam
448 4022 595 4090 sollerter
618 4031 650 4090 et
672 4024 782 4091 utliter
803 4045 865 4109 ree,
888 4043 970 4109 quas
991 4022 1150 4108 narravit,
1179 4022 1304 4089 extollit

196 4127 409 4213 compluribus
445 4131 553 4199 verbis
587 4131 672 4197 binis
712 4133 804 4197 iuxta
845 4129 1031 4218 compositis
1068 4150 1126 4197 eas
1163 4149 1303 4214 compre-

194 4233 410 4319 prehendeus:
444 4240 527 4320 §47
562 4241 661 4311 δόντες
692 4241 816 4327 ἔλεγχον
853 4251 907 4326 τῆς
939 4238 1052 4304 ἑαυτῶν
1084 4237 1213 4324 ἀρετῆς
1242 4242 1304 4301 καλ

197 4349 278 4429 μόνον
307 4347 369 4408 καὶ
401 4342 472 4429 μεθ’
502 4346 607 4432 ἐτέρων
637 4351 698 4411 καὶ
724 4351 966 4433 πεζομαχοῦντες
995 4348 1057 4410 καὶ
1083 4354 1303 4431 νοωμοιχοοντες
