3109 4884
772 358 816 422 44

236 554 289 619 hie
311 553 457 620 Platonis
484 552 634 636 dialogus
662 552 695 617 in
717 551 903 619 Aristotelis
926 551 1099 617 Rhetorica
1125 557 1255 636 praeter
1281 550 1305 634 Ι,
1328 553 1349 617 9

237 660 334 729 simili
362 659 539 744 eademque
566 659 692 726 ratione
724 666 822 744 atque
854 665 966 725 nostra
998 657 1142 724 funebris
1172 657 1206 722 in
1238 656 1352 722 eodem

236 768 293 834 illo
324 768 405 834 libro
432 767 488 851 ΠΙ,
521 769 562 833 14
594 765 800 833 confirmatus
832 766 883 851 sit,
917 785 988 832 cnm
1020 771 1154 848 uterque
1184 763 1275 830 locus
1307 762 1351 827 ad

236 874 360 940 Meneni.
406 873 498 941 235d
521 872 705 959 (1112366)
730 878 864 958 spectet.
910 871 946 938 Si
968 870 1075 955 igitur,
1098 876 1135 937 ut
1155 870 1245 955 prius
1268 868 1350 934 illud

237 979 464 1065 testimonium,
488 979 681 1063 quinetiam
703 979 809 1065 ipsum
832 978 1028 1046 anonnullis
1051 978 1085 1044 in
1100 977 1350 1044 controversiam

236 1095 381 1173 vocatur,
408 1092 624 1173 praeteream,
651 1107 717 1154 nna
745 1107 817 1153 cum
838 1087 960 1171 Lysiae
989 1084 1154 1171 epitaphio
1182 1082 1352 1150 Menexeni

238 1215 364 1279 quoque
387 1194 452 1279 vel,
481 1214 577 1278 quam
600 1193 663 1261 sibi
684 1193 842 1278 vindicat,
870 1200 963 1260 aetas
993 1192 1064 1260 sola
1087 1190 1232 1258 stabilita
1255 1197 1352 1275 atque

236 1302 359 1369 munita
384 1307 442 1387 est,
465 1301 527 1367 hac
549 1322 585 1367 re
599 1301 697 1366 etiam
719 1292 774 1366 ille
789 1299 973 1367 Aristotelis
988 1298 1181 1365 Rhetoricae
1200 1297 1282 1364 liber
1294 1297 1351 1382 HI,

237 1429 331 1494 quem
345 1407 474 1493 quidem
488 1407 597 1474 multis
611 1413 797 1493 suspectum
820 1427 893 1474 esse
913 1426 1012 1493 supra
1026 1405 1175 1490 diximus,
1198 1404 1351 1488 quiddam

237 1516 313 1582 fidei
336 1515 603 1599 auctoritatisque
624 1514 821 1581 nanciscitur
843 1520 942 1598 atquc
964 1514 1012 1578 ita
1036 1513 1102 1580 suis
1126 1530 1236 1578 rursus
1260 1510 1347 1578 testi·

236 1623 352 1690 moniis
365 1623 531 1705 utriusque
544 1622 658 1687 harum
672 1622 852 1687 orationum
865 1619 1091 1686 anctoritatem
1101 1637 1351 1702 germanamque

238 1730 394 1814 originem
418 1749 456 1795 eo
479 1729 584 1812 magis
607 1735 704 1812 atque
727 1727 841 1793 mirum
863 1727 897 1791 in
919 1725 1048 1793 modum
1071 1724 1247 1791 confirmat.

304 1834 371 1902 Sed
392 1836 511 1920 nescio,
535 1834 612 1919 quid
633 1835 763 1919 longius
787 1855 808 1899 a
829 1833 996 1919 proposito
1020 1831 1186 1916 digrediar
1209 1830 1351 1914 alibique

237 1951 427 2029 argumenta
451 1964 611 2029 quaeram.
657 1943 784 2009 Etenim
811 1948 901 2008 recta
928 1941 983 2006 via
1011 1946 1043 2007 et
1072 1939 1181 2005 causis
1208 1938 1351 2022 locisque

236 2052 269 2119 in
301 2072 336 2117 re
368 2051 442 2136 ipsa
469 2050 678 2121 haerentibus
710 2056 808 2134 atque
840 2047 960 2116 innatis
992 2047 1164 2132 genuinam
1196 2045 1352 2131 epitaphii

236 2156 378 2223 indolem
401 2157 482 2223 satis
498 2155 796 2223 demonstravimus.
843 2156 922 2221 Cum
936 2174 1013 2220 vero
1029 2159 1137 2220 tamen
1153 2152 1351 2218 extrinsecus

237 2283 363 2348 quoque
403 2263 546 2330 rationes
587 2263 801 2347 accesserint,
842 2261 952 2328 nescio
994 2280 1090 2344 quam
1132 2265 1219 2326 certo
1257 2258 1351 2326 nobis

236 2370 382 2438 uidemur
406 2369 566 2455 effecisse,
593 2376 629 2435 ut
651 2369 733 2435 haec
756 2369 860 2435 oratio
884 2367 1003 2434 oratori
1025 2368 1146 2452 Lysiae
1169 2386 1234 2431 non
1255 2364 1351 2430 modo

236 2497 317 2562 non,
340 2498 413 2543 cnm
433 2483 577 2543 veterum
599 2476 790 2543 testimoniis
814 2475 1029 2559 confirmetur,
1052 2472 1270 2540 abiudicanda
1294 2472 1345 2556 sit,

240 2605 351 2651 verum
366 2584 473 2670 etiam,
497 2585 603 2650 sinon
618 2582 866 2668 confirmaretur,
890 2580 1087 2649 vindicanda
1111 2600 1184 2648 esse
1197 2578 1355 2646 videatur.

240 2691 334 2770 Quod
366 2691 395 2757 si
427 2711 463 2757 11
494 2710 573 2756 vera
604 2690 696 2756 nohis
729 2690 879 2775 contigit,
912 2709 976 2756 non
1004 2688 1108 2755 solum
1136 2687 1355 2771 quaestionem

239 2800 372 2865 multum
391 2797 510 2881 diuque
530 2797 745 2882 disceptatam
763 2796 962 2882 persolvisse
985 2795 1066 2862 satis
1088 2795 1157 2881 erit,
1180 2793 1356 2860 sedetiam

238 2906 362 2979 iuvabit
388 2905 476 2972 illius
503 2904 620 2971 mentis
648 2924 688 2970 ac
718 2903 891 2970 memoriae
919 2903 1079 2969 humanae
1102 2902 1237 2969 rationis
1261 2899 1355 2985 quasi

241 3014 405 3099 specimen
428 3010 592 3097 quoddam
615 3009 756 3078 dedisse.
1037 3010 1039 3016 “

1543 2698 1550 2783 l
