3109 4884
737 346 774 411 11

201 567 241 611 ex
264 545 423 631 prioribus
446 541 643 628 temporibus
666 538 830 607 residuum
853 559 985 625 prorsus
1002 538 1156 624 superare
1179 557 1242 602 non
1255 557 1312 623 po·

205 658 341 718 tuerunt.
400 649 492 727 Quae
524 669 595 715 cum
627 648 674 713 ita
706 647 783 733 sint,
824 646 980 733 epitaphii
1014 666 1141 730 quoque
1173 644 1312 711 elocutio

201 758 362 842 dictioque
395 774 466 824 cum
497 755 570 841 ipsa
601 774 659 840 per
691 774 727 821 se
756 759 941 839 excusatur,
970 758 1046 838 tum,
1079 751 1106 818 si
1130 751 1202 835 quis
1231 748 1313 815 forte

201 864 346 932 eiusdem
369 862 509 929 auctoris
533 861 750 947 olympiacum
772 860 804 926 ei
827 858 991 945 obtendat,
1015 858 1097 926 satis
1120 855 1313 924 defenditur.

268 973 446 1055 Utcumque
469 968 540 1054 hae,
564 989 645 1053 quas
669 967 848 1053 attulimus,
872 986 992 1034 causae
1016 986 1051 1032 se
1066 966 1207 1045 habent,
1230 984 1314 1030 nunc

205 1079 317 1162 utique
339 1078 389 1164 iis,
412 1097 496 1161 quae
519 1082 631 1142 contra
653 1095 713 1142 nos
736 1074 982 1160 contenduntur,
1008 1072 1134 1159 pondus
1157 1078 1314 1138 certorum

202 1191 459 1270 argumentorum
469 1200 678 1269 opponamus,
692 1202 776 1265 quae
786 1188 929 1249 nostram
939 1180 1131 1248 sententiam
1146 1184 1313 1245 testantur.

201 1292 251 1357 Ab
283 1298 356 1358 utra
387 1296 481 1376 parte
513 1296 580 1355 tum
612 1309 736 1355 summa
765 1295 798 1354 et
829 1287 1006 1355 auctoritas
1037 1286 1197 1352 rationum
1219 1305 1311 1371 prae-

200 1400 367 1485 ponderat,
391 1419 432 1466 ea
453 1403 646 1464 momentum
668 1397 797 1464 haheat.

267 1506 468 1590 Quamquam
489 1505 619 1591 proprie
643 1504 732 1571 nulla
754 1509 844 1570 certa
867 1522 978 1568 norma
1005 1522 1044 1568 ac
1072 1503 1186 1586 regula
1213 1501 1313 1570 statui

200 1620 317 1699 potest,
340 1612 384 1679 ad
407 1633 503 1698 quam
518 1611 702 1697 epitaphius
724 1609 944 1696 perpendatur
962 1616 1061 1693 atque
1075 1608 1313 1695 determinetur,

200 1727 308 1786 tammr
332 1719 604 1805 comparationem
627 1718 697 1784 eius
728 1738 801 1784 cum
828 1717 945 1783 ceteris
966 1716 1088 1801 Lysiae
1116 1717 1315 1783 orationihus

201 1825 349 1911 equidem
370 1845 527 1911 perquam
553 1845 612 1911 pro
642 1823 851 1891 fundamento
878 1823 973 1889 huius
992 1822 1201 1908 *quaestionis
1229 1843 1314 1909 pono

199 1954 304 2019 neque
331 1933 427 2000 aliter
458 1953 530 1998 eam
562 1931 704 2018 persolvi
735 1951 834 2016 posse
867 1930 1025 1997 existimo.
1078 1931 1225 2015 Namque
1257 1931 1315 1996 illa

201 2040 341 2105 omnium
370 2059 476 2106 rerum
508 2038 561 2103 lex
595 2045 628 2105 et
658 2043 793 2122 natura,
830 2058 927 2120 quam
958 2037 1056 2120 vulgo
1087 2037 1316 2104 necessitatem
1442 2094 1444 2098 .

200 2146 411 2233 appellamus,
434 2147 467 2212 in
490 2151 597 2212 mente
612 2165 739 2229 quoque
756 2143 898 2210 humana
911 2150 1035 2210 tantum
1049 2144 1139 2211 valet
1161 2164 1200 2210 ac
1214 2143 1313 2228 viget,

200 2260 235 2321 ut
257 2253 414 2337 quidquid
438 2253 538 2320 semel
560 2252 690 2338 ingenio
725 2252 930 2337 concepimus
963 2258 996 2318 et
1031 2251 1249 2337 concoximus,
1280 2251 1315 2316 id

199 2361 313 2427 iterum
335 2361 513 2444 iterumque
535 2360 608 2446 pari
639 2358 734 2426 modo
767 2359 889 2442 fingere
922 2364 1020 2442 atque
1052 2358 1207 2444 effingere
1241 2380 1314 2426 con·

202 2467 358 2533 suerimus
394 2487 499 2551 neque
536 2486 555 2532 e
591 2467 752 2532 contrario
785 2466 915 2551 proprie
946 2471 1002 2530 aut
1034 2465 1180 2549 singulas
1212 2486 1314 2532 novas

201 2572 414 2657 cogitationes
451 2572 624 2638 informare
660 2579 717 2638 aut
753 2572 923 2639 universas
962 2572 1139 2639 sententias
1170 2573 1314 2658 proferre

201 2699 364 2766 queamus,
396 2680 458 2748 uisi
491 2679 684 2764 quibusdam
717 2679 912 2764 imaginihus
944 2680 1200 2765 notioribusque,
1232 2700 1314 2764 quas

200 2786 265 2852 iam
287 2794 393 2854 mente
416 2794 588 2874 perceptas
612 2794 644 2854 et
673 2789 822 2872 cognitas
854 2788 1023 2873 habemus,
1056 2794 1219 2877 tamquam
1250 2787 1314 2872 pri-

201 2895 310 2961 mariis
334 2895 500 2979 cogitandi
523 2895 690 2962 elementis
709 2901 808 2980 atque
822 2894 933 2961 formis
947 2894 1188 2981 coniungendis,
1211 2901 1314 2961 trans-

200 3000 386 3087 sormandis,
410 3000 656 3086 amplificandis.
710 3002 783 3069 Non
816 3021 878 3085 quo
907 3000 989 3067 forte
1016 3000 1097 3067 haec
1124 3002 1241 3068 mentis
1274 3022 1314 3068 ac

199 3108 372 3175 memoriae
395 3107 556 3174 humanae
578 3108 663 3173 ratio
687 3114 718 3174 et
741 3108 891 3193 facultas,
925 3127 1021 3191 quam
1047 3107 1232 3194 philosophi
1259 3128 1314 3174 au-

200 3216 343 3300 gustiore
376 3214 517 3299 quodam
544 3214 709 3280 intellectu
741 3215 991 3282 associationem
1022 3214 1166 3281 idearum
1197 3232 1315 3281 vocare

201 3322 315 3407 solent,
338 3322 371 3387 in
393 3322 456 3388 hac
479 3323 537 3389 tali
561 3321 751 3407 quaestione
781 3342 866 3388 nova
894 3328 992 3406 atque
1023 3321 1170 3387 inaudita
1201 3322 1244 3388 sit
1275 3342 1315 3388 ac

136 3508 140 3515 .
200 3447 266 3494 non
288 3429 397 3514 potius
421 3450 547 3515 semper
570 3430 772 3514 adhibeatur,
796 3427 855 3495 sed
877 3448 974 3512 quam
986 3429 1175 3495 immensum
1187 3428 1314 3513 pondus

202 3555 242 3600 ac
264 3542 458 3601 momentum
480 3536 513 3601 in
536 3536 599 3602 hac
621 3536 680 3602 tali
700 3535 810 3602 critice
823 3555 978 3621 prospere
994 3534 1173 3602 exercenda
1194 3536 1315 3601 habeat

202 3647 234 3708 et
255 3641 375 3707 habeat
397 3661 532 3710 necesse
555 3643 611 3728 sit,
638 3642 780 3709 nondum
808 3642 890 3733 satis
919 3641 997 3706 mihi
1028 3640 1157 3726 quidem
1187 3641 1315 3708 videtur

202 3768 275 3815 esse
299 3747 462 3832 cognitum
485 3756 518 3815 et
541 3750 789 3835 comprobatum.
835 3750 949 3832 Neque
979 3768 1055 3816 vero
1086 3767 1241 3833 veremur,
1272 3769 1313 3814 ne

200 3857 234 3921 in
255 3855 318 3922 hac
339 3856 414 3941 lege
438 3876 477 3923 ac
498 3856 624 3923 ratione
647 3856 691 3924 ad
715 3856 915 3943 epitaphium
938 3854 1122 3922 adhihenda
1145 3856 1200 3941 iis,
1230 3876 1313 3939 quae

201 3983 241 4029 ex
263 3970 357 4048 parte
379 3963 519 4031 adversa
537 3963 820 4048 contradicuntur,
843 3964 877 4029 in
892 3963 1061 4048 angustias
1076 3962 1313 4048 compellamur,

201 4069 261 4136 sed
282 4069 352 4136 fieri
374 4091 439 4137 non
460 4076 581 4156 potest,
604 4076 640 4135 ut
657 4068 910 4155 profunditatem
928 4070 1049 4154 ingenii
1068 4069 1198 4136 humani
1220 4089 1312 4156 prae·

202 4175 311 4242 sertim
334 4196 376 4242 ex
398 4178 449 4245 his
472 4177 621 4243 tenuibus
644 4175 790 4261 reliquiis
812 4178 942 4264 penitus
956 4183 1193 4263 perscrutemur
1215 4182 1314 4261 atque

200 4281 442 4367 perspiciamus.
489 4283 531 4348 At
553 4303 630 4350 vero
654 4282 792 4349 imitatio
816 4305 886 4351 cum
909 4285 943 4349 in
970 4282 1116 4350 omnihus
1139 4283 1190 4349 his
1217 4285 1313 4350 rebus

200 4389 344 4455 nonnihil
365 4390 462 4475 valet,
486 4396 553 4456 tum
575 4390 609 4456 in
628 4397 772 4458 veterum
795 4390 912 4458 litteris
926 4390 1058 4457 maximi
1080 4389 1141 4456 fuit
1153 4389 1313 4457 momenti.
