3109 4884
364 1454 494 1509 Isocrates
508 1451 555 1518 IV,
569 1451 586 1507 8
601 1447 679 1502 ctam
693 1448 807 1521 φευκτέον
820 1448 890 1502 ταῦτ’
904 1448 962 1512 ἐστί,
976 1448 1031 1521 περὶ
1044 1441 1079 1500 ὧν
1088 1448 1164 1520 ἕτεροι
1177 1446 1292 1519 πρότερον
1354 1510 1363 1527 ⁰

602 1537 737 1611 εἰρήκασιν,
752 1537 812 1590 ἀλλ’
826 1538 926 1610 ἄμεινον
940 1537 1038 1591 ἐκείνων
1051 1536 1126 1590 εἰπεῖν
1140 1537 1271 1608 πειρατέον.

276 1634 343 1751 Vix
373 1684 441 1751 ulla
473 1684 619 1767 quaestio
655 1683 834 1749 litterarum
865 1682 1062 1749 Graecarum
1097 1680 1317 1767 imprimisque

205 1792 407 1876 eloquentiae
420 1792 548 1859 Atticae
571 1791 654 1859 inter
675 1790 821 1858 homines
837 1790 950 1857 doctos
973 1797 1030 1855 aut
1052 1790 1159 1856 acrius
1175 1788 1315 1856 studium

205 1900 358 1967 excitavit
389 1906 445 1965 aut
473 1898 628 1965 maiorem
660 1897 895 1965 dissensionem
928 1896 1098 1963 commovit
1130 1916 1227 1979 quam
1258 1896 1317 1961 illa

205 2005 398 2090 disquisitio,
421 2024 504 2088 quae
526 2005 635 2090 posita
658 2012 708 2071 est
731 2005 764 2070 in
788 2004 955 2089 epitaphii,
984 2004 1038 2087 qui
1061 2004 1182 2088 Lysiae
1205 2003 1316 2069 inscri-

203 2113 298 2197 bitur,
320 2133 398 2179 vcra
412 2112 536 2196 origine
552 2111 735 2178 statuenda.
779 2112 892 2195 Neque
910 2110 971 2176 hoc
985 2110 1100 2176 mirum
1123 2130 1196 2177 esse
1212 2110 1317 2176 debet

203 2200 286 2286 Nam
300 2219 369 2286 iure
383 2218 531 2287 dubitare
548 2239 729 2304 possumus,
752 2225 858 2284 utrum
875 2218 958 2284 haec
971 2219 1075 2283 oratio
1093 2217 1167 2302 plus
1181 2217 1316 2282 auctori-

203 2328 281 2393 tatis
296 2327 416 2395 habeat
439 2326 483 2393 ad
498 2327 710 2409 antiquiorem
726 2326 943 2410 eloquentiam
957 2324 1099 2391 Atticam
1122 2344 1316 2409 cognoscen-

207 2433 290 2517 dam,
313 2454 356 2498 an
377 2433 450 2518 plus
463 2435 619 2518 praebeat
633 2433 835 2500 difficultatis
857 2433 902 2498 ad
914 2453 1025 2499 verum
1046 2453 1138 2499 suum
1152 2438 1315 2498 auctorem

206 2538 445 2625 explorandum.
489 2539 596 2623 Atque
610 2546 763 2623 quantum
785 2540 912 2625 pondus
936 2546 969 2606 et
990 2545 1183 2605 momentum
1196 2539 1317 2623 Lysiae

192 2632 399 2732 epitaphion,
422 2645 581 2730 siquidem
594 2647 753 2730 genuinus
768 2653 827 2733 est,
850 2647 994 2732 ipseper
1008 2647 1186 2724 sehabeat
1207 2651 1317 2731 utpote

206 2753 261 2835 qui
293 2753 549 2836 antiquissimum
582 2753 625 2821 sit
657 2754 708 2821 sui
740 2755 870 2838 generis
901 2760 1138 2820 monumentum
1168 2752 1265 2836 idque
1297 2773 1317 2816 a

206 2859 384 2926 clarissimo
403 2860 491 2929 illius
507 2861 660 2946 temporis
676 2861 840 2927 conditum
855 2867 991 2945 oratore,
1015 2880 1079 2926 non
1094 2879 1175 2945 opus
1190 2859 1318 2924 videtur

206 2986 279 3033 esse
302 2966 354 3032 vel
376 2987 441 3033 uno
462 2968 561 3034 verbo
583 2988 722 3034 monere.
768 2967 931 3045 Quantum
952 2987 1029 3034 vcro
1051 2967 1162 3033 valeat
1184 2966 1228 3031 ad
1251 2966 1318 3031 alia

206 3073 350 3140 eiusdem
381 3073 501 3140 aetatis
532 3073 655 3159 scripta
685 3074 892 3159 illustranda,
924 3075 1005 3141 satis
1033 3073 1215 3159 apparebit,
1246 3093 1318 3138 cum

206 3186 396 3264 argumenta
418 3181 505 3266 ipsa,
532 3200 616 3264 quae
640 3181 839 3248 extrinsecus
860 3164 912 3248 'ad
935 3183 1004 3249 eius
1027 3181 1124 3247 fidem
1146 3181 1317 3246 auctorita-

206 3293 333 3372 temque
365 3286 647 3357 demonstrandam
680 3288 869 3373 afferuntur,
901 3287 1177 3374 explicaverimus.
1228 3287 1317 3352 Diiu-

208 3392 401 3460 dicationem
428 3402 536 3463 autem
562 3396 657 3462 huius
685 3396 886 3478 quaestionis
916 3395 1137 3462 difficillimam
1166 3415 1239 3461 esse
1265 3392 1318 3459 vel

207 3499 282 3566 inde
306 3501 421 3587 elucet,
449 3502 535 3586 quod
564 3503 710 3586 quamvis
738 3502 830 3569 multi
857 3501 963 3568 adhuc
990 3501 1073 3568 hanc
1097 3522 1228 3568 causam
1251 3507 1318 3567 ten-

207 3608 346 3676 taverint
362 3609 570 3692 quamvisque
585 3631 737 3694 magnam
752 3631 883 3697 operam
907 3617 1004 3694 atque
1020 3609 1199 3677 doctrinam
1221 3609 1256 3674 in
1279 3629 1319 3674 ea

208 3715 471 3801 consumpserint,
493 3738 566 3783 mea
589 3717 717 3801 quidem
733 3718 895 3785 sententia
917 3718 1036 3784 nemini
1048 3717 1166 3784 adhuc
1184 3715 1319 3799 contigit

207 3823 288 3909 illud
310 3823 405 3907 quasi
432 3823 594 3907 quoddam
621 3825 772 3909 aenigma
800 3825 978 3891 litterarum
1009 3826 1107 3910 plane
1133 3822 1318 3909 persolvere

208 3936 305 4013 atque
333 3931 376 3996 ad
399 3931 520 3997 exitum
543 3931 712 3998 adducere.
757 3933 840 3999 Nam
868 3932 896 3998 si
918 3932 1086 3999 historiam
1113 3937 1146 3996 ct
1167 3949 1318 4017 praesen-

208 4042 272 4102 tem
286 4043 405 4104 statum
427 4037 522 4106 huius
536 4039 734 4122 quaestionis
747 4039 888 4104 breviter
901 4039 1142 4126 perlustramus,
1165 4044 1201 4102 ut
1220 4035 1318 4103 semel

208 4143 284 4209 inde
311 4145 485 4212 aReiskio
514 4145 555 4212 de
578 4146 699 4231 Lysiae
727 4145 885 4232 epitaphii
914 4146 1054 4230 genuina
1083 4144 1205 4227 origine
1229 4142 1318 4208 dubi·

208 4251 347 4316 tationes
371 4253 531 4319 excitatae
555 4260 641 4339 sunt,
670 4253 807 4320 decursu
831 4254 985 4339 temporis
1008 4251 1141 4318 totidem
1171 4250 1257 4347 docti
1280 4270 1319 4314 ac

208 4359 367 4445 praeclari
394 4360 455 4426 viri
482 4368 594 4428 contra
623 4382 695 4428 cum
723 4360 917 4446 adversarii,
946 4367 1023 4444 quot
1049 4378 1107 4444 pro
1131 4377 1170 4424 eo
1192 4356 1320 4442 patroni

1127 4467 1141 4519 l
