3109 4884
796 282 840 348 22

260 484 358 561 atque
382 476 526 542 elooutus
551 476 606 561 sit,
635 496 719 543 nuno
747 475 880 544 strictim
908 477 1107 563 oarptimque
1135 478 1245 547 dicere
1266 480 1371 546 lioeat.

259 584 308 649 Aa
330 586 351 665 ὅ
375 585 417 649 72
445 589 554 648 orator
580 582 701 650 liberos
730 582 907 650 oooisorum
934 582 1047 652 ielioes
1074 586 1255 672 praedicat,
1288 587 1373 670 quod

259 690 400 757 iuniores
424 689 617 775 sintpquam
638 695 674 757 ut
689 689 804 775 sciant,
827 689 894 757 σίων
917 697 1049 777 πατέρων
1073 693 1250 781 ἐστέρηνται.
1284 694 1374 759 Idem

262 800 311 882 13,
335 800 377 864 62
401 796 489 883 apud
511 796 634 863 iudioes
657 796 784 882 iuoipit:
815 796 1035 865 demonstrare
1056 799 1144 886 volo,
1172 799 1239 867 οἵων
1263 800 1374 887 ἀνδρῶν

259 904 474 991 ἀπεστέρησθε.
521 903 678 970 Parentes
700 924 777 970 vero
800 911 995 972 mortuorum
1018 925 1190 991 eorumque
1214 907 1373 974 sedunam

260 1010 501 1077 commiseratur
533 1015 630 1093 atque
659 1010 837 1096 complorat
864 1012 985 1097 pariter
1017 1033 1057 1078 ao
1086 1016 1115 1098 7,
1138 1015 1180 1079 41
1215 1014 1248 1079 in
1278 1014 1375 1081 simili

259 1118 431 1185 occasione
457 1116 601 1184 rationes
629 1116 814 1184 solitudinis
846 1124 878 1184 et
909 1118 1039 1204 inopiae
1073 1140 1264 1186 memorans.
1310 1119 1375 1187 Sed

260 1226 342 1292 haee
356 1224 464 1291 verbis
480 1243 606 1308 quoque
622 1223 799 1291 delectant:
824 1228 845 1306 ξ
862 1227 903 1292 73
926 1225 957 1292 έν
976 1227 1008 1291 δὲ
1020 1239 1064 1312 τῷ
1078 1234 1157 1315 γηρη
1180 1226 1375 1302 ἀδυνάτους

260 1337 311 1419 μὲν
333 1330 404 1398 εἶναι
431 1344 476 1417 τῷ
507 1336 657 1419 σῶματτ,
690 1344 810 1399 πασῶν
843 1332 1190 1422 δ’ἀπεστερημένους
1221 1349 1284 1401 τῶν
1316 1337 1376 1403 έλ-

260 1442 365 1505 πίδων
389 1438 512 1528 ἀφίλους
525 1443 577 1504 καί
600 1439 756 1525 ἀπόρους
778 1446 936 1523 γεγονέναι,
961 1443 1066 1526 31,12
1089 1439 1155 1508 οὔτε
1179 1456 1224 1529 τῷ
1243 1449 1365 1531 σῶματ

261 1545 430 1620 ἀδίννατσς
464 1582 504 1593 -
537 1543 605 1612 οὔτε
636 1558 673 1633 τῇ
706 1544 791 1631 οὐσία
821 1546 970 1633 ἄπορος,
1006 1550 1057 1633 12,
1082 1550 1125 1615 70
1155 1562 1276 1616 πασῶν
1309 1563 1375 1617 τῶν

260 1651 411 1719 ἐλπίδων
434 1652 795 1739 ἀποστερηθήσεσθε,
824 1652 939 1738 0131,
964 1655 1013 1721 11.
1041 1656 1093 1739 24,
1120 1658 1160 1722 16
1190 1662 1222 1723 et
1244 1658 1296 1742 31,
1322 1658 1372 1723 15.

261 1760 313 1844 24,
335 1760 366 1825 4.
411 1757 475 1825 Sed
501 1758 554 1823 hie
579 1778 690 1826 rursus
717 1766 948 1845 eomponantur
974 1764 995 1842 ξ
1018 1760 1061 1827 53
1089 1766 1122 1827 et
1151 1763 1200 1846 10,
1224 1765 1281 1830 29;
1312 1775 1375 1837 τοῖς

261 1865 343 1953 (μὲν)
379 1872 515 1953 σῶματι
552 1867 727 1932 δθνασθαι
759 1903 802 1914 -
834 1877 900 1941 ταῖς
936 1869 967 1933 δὲ
1003 1873 1120 1955 ψυχαῖς.
1173 1868 1215 1934 Is.
1250 1871 1299 1953 16,
1332 1871 1375 1935 33

262 1970 526 2059 ἀρρωστότερυς
552 1997 577 2039 τ.
601 1995 627 2038 σ.
674 1973 788 2057 Neque
814 1994 891 2041 vero
918 1995 1004 2042 mors
1033 1995 1224 2059 suorumque
1253 1974 1374 2042 orbitas

263 2101 302 2147 ao
329 2080 468 2147 solitudo
496 2086 671 2147 extremum
698 2079 827 2147 videtur
855 2102 928 2148 esse
956 2082 1120 2149 malorum.
1165 2082 1219 2148 Or.
1248 2083 1377 2167 quidem

263 2190 315 2272 21,
338 2189 381 2253 24
404 2207 523 2255 causae
554 2207 633 2253 suae
661 2186 813 2254 defensor
840 2188 920 2252 nihil
943 2187 1085 2253 terribile
1114 2207 1149 2253 se
1173 2188 1378 2255 existimasse

262 2292 443 2380 praedicat,
471 2294 500 2361 si
527 2314 585 2379 pro
608 2294 716 2379 patria
738 2300 882 2361 mortuus
911 2314 987 2361 suos
1009 2299 1103 2379 patre
1126 2294 1257 2361 orbatos
1279 2294 1373 2361 reliu-

264 2407 387 2486 queret,
420 2399 479 2469 sed
505 2401 613 2486 potius
641 2402 669 2469 si
696 2401 831 2487 turpiter
863 2407 1010 2469 servatus
1038 2400 1101 2467 sibi
1127 2400 1257 2485 illisque
1286 2401 1376 2485 igno·

262 2508 393 2574 miniam
407 2508 597 2592 iniungeret
642 2508 848 2576 assimiliter
866 2513 886 2591 ξ
901 2512 943 2576 36
958 2508 1093 2576 Graeois
1108 2507 1196 2594 apud
1210 2508 1378 2575 Salamina

265 2614 491 2681 dimicantibus
520 2614 684 2680 minimum
715 2614 843 2682 videtur
875 2637 948 2684 esse
976 2616 1096 2682 malum
1123 2621 1256 2681 mortem
1285 2633 1376 2697 prae·
1445 2651 1449 2657 ·

264 2727 387 2789 sentem
414 2721 543 2806 intueri,
576 2719 746 2786 calamitas
773 2722 928 2806 maxima,
963 2740 1046 2804 quae
1074 2739 1150 2787 suos
1182 2739 1203 2783 a
1230 2719 1377 2787 barbaris

262 2827 438 2895 uiatoribus
452 2832 641 2913 abcepturos
656 2832 856 2911 exspeotant.
901 2826 968 2892 Sed
981 2825 1133 2909 quoniam
1149 2845 1242 2891 omne
1255 2825 1378 2893 bellum

264 2936 306 3004 de
328 2934 459 3003 summis
472 2934 560 3001 vitae
574 2932 668 3000 bouis
683 2933 812 3018 geritur,
834 2932 951 2999 mortui
972 2931 1129 3018 epitaphii
1152 2935 1230 3014 §79
1253 2932 1378 3017 perioli·

264 3042 324 3110 tati
347 3061 420 3110 esse
436 3041 584 3107 dieantur
605 3038 677 3127 ὑπὲρ
694 3040 838 3127 μεγίστων
852 3045 905 3106 καί
920 3041 1095 3108 καλλίστων.
1141 3039 1253 3123 Aeque
1269 3042 1321 3124 24,
1335 3041 1378 3106 23

266 3148 401 3216 claudus
428 3149 484 3215 ille
506 3148 600 3214 homo
628 3168 700 3215 eum
724 3147 910 3233 granditate
932 3146 1073 3232 quadam
1096 3146 1219 3214 eomioa
1242 3146 1379 3231 loquens

265 3259 472 3342 lamentatur,
501 3256 595 3339 quod¹
616 3255 803 3322 calamitate
830 3256 961 3322 orbatus
990 3254 1032 3322 sit
1058 3265 1113 3321 τῶν
1141 3256 1304 3319 καλλίστων
1327 3258 1380 3320 καὶ

267 3365 417 3454 μεγίστων.
462 3363 544 3429 Xen.
566 3361 649 3431 Hell
672 3363 726 3448 IV,
749 3363 779 3448 4,
802 3365 823 3430 6
846 3386 869 3426 τ.
891 3386 919 3428 ν.
935 3386 1012 3449 μμ
1037 3361 1193 3442 ἀγαθῶν.
1237 3360 1281 3427 Ut
1302 3381 1378 3428 vere

267 3474 300 3538 in
328 3469 442 3537 eodem
474 3471 541 3536 lere
568 3475 755 3553 argumento
788 3475 886 3553 atque
913 3466 1095 3552 inquirendi
1127 3466 1181 3534 filo
1209 3473 1378 3534 versantes

266 3583 441 3665 praerepta
464 3575 624 3661 quaedam
651 3582 748 3660 atque
776 3574 865 3642 diota
891 3596 997 3642 rerum
1023 3595 1084 3643 usu
1112 3576 1284 3642 observata
1306 3592 1376 3658 per-

268 3705 452 3771 sequamur,
480 3684 574 3768 quasi
597 3682 789 3769 principium
811 3682 947 3749 aliarum
969 3681 1114 3768 putanda
1137 3688 1188 3749 est
1211 3677 1378 3752 sententia,

267 3812 364 3877 quam
400 3796 507 3857 orator
534 3791 591 3876 25,
621 3793 663 3857 23
691 3789 814 3856 attulit:
846 3790 1031 3875 praeteritis
1057 3791 1153 3856 rebus
1180 3785 1379 3854 dooumentis

268 3904 394 3966 utentes
425 3917 485 3965 nos
516 3896 558 3964 de
589 3895 704 3963 futuris
737 3898 904 3964 eonsulere
936 3903 1092 3983 oportere.
1145 3894 1249 3961 Huius
1281 3893 1380 3978 igitur

270 4005 348 4072 dieti
371 4003 465 4090 quasi
479 4002 638 4088 quaedam
661 4002 773 4072 variae
795 4003 951 4072 leotiones
966 4003 1030 4070 diei
1043 4009 1178 4090 possunt
1200 4000 1380 4068 sententiae

267 4113 347 4181 hae:
371 4116 426 4194 §6
443 4109 544 4186 αθταῐς
559 4108 614 4178 oba
628 4109 775 4195 ἐξεγένετο
797 4111 833 4178 ἐκ
853 4124 910 4178 τῶν
933 4109 1187 4200 ἡμαρτημένων
1211 4114 1381 4196 μαθσίυσαις

269 4226 336 4307 περὶ
370 4233 433 4287 τῶν
472 4222 578 4286 λοιπῶν
622 4218 768 4307 ἄμεινον
800 4222 1068 4303 βουλευσασθαι
1099 4215 1171 4303 (26,
1198 4219 1238 4283 21
1273 4242 1302 4281 α
1328 4213 1380 4301 β.),

270 4330 323 4412 25,
338 4330 379 4394 21
401 4326 451 4395 ἵνα
472 4330 509 4391 τὰ
526 4338 582 4425 τῶν
606 4325 725 4413 ἐχθρῶν
749 4324 988 4414 ἁμαρτήματα
1010 4324 1154 4412 ἄμεινον
1176 4320 1254 4410 ὑμᾶς
1268 4327 1380 4408 ποιηση
