3109 4884
725 306 766 368 21

189 506 254 592 ipsi
277 503 374 571 futuri
406 522 479 570 esse
506 501 676 568 videantur
700 504 732 566 et
760 497 874 582 quales
901 503 1011 582 patres
1040 517 1148 563 eurum
1177 496 1302 562 fuerint.

191 612 256 680 Sed
289 610 464 676 inhaere
492 607 555 674 due
582 607 647 674 1οοί
674 626 770 673 unam
804 604 962 691 epitaphii
989 604 1181 671 sententiam
1209 603 1303 688 quasi

191 719 336 799 reficiunt
373 724 471 800 atque
508 714 680 801 complent:
718 717 738 795 ξ
781 716 819 778 13
857 711 998 793 ἀγαθὸν
1034 716 1090 797 μὲν
1120 707 1201 777 ntea
1232 708 1303 795 ἰδία

192 824 256 892 ἀπὸ
279 836 342 890 τοῦ
365 828 499 909 πατρὸς
521 825 757 905 πεπονθότες,
780 820 911 892 ἐνείνοος
935 821 992 900 (sc.
1007 843 1030 883 τ.
1047 817 1170 900 παῖδας)
1194 813 1220 882 δ’
1240 819 1304 883 ehu

191 933 303 1006 εἰδότες
326 930 444 998 ὁποῖοί
467 952 560 1003 τινες
583 929 688 1014 ἄνδρες
725 930 874 994 ἔσονται
910 931 1096 1011 γενόμενοι
1125 923 1162 989 fr.
1201 925 1251 1008 78,
1283 926 1304 989 2

193 1038 319 1126 ἀζγαθὰ
349 1042 401 1104 καὶ
431 1035 506 1121 ἰδία
542 1041 594 1102 καὶ
626 1035 764 1123 δημοσία
788 1037 972 1105 παθόντες
1002 1028 1053 1096 ὑπ’
1083 1027 1172 1097 αὐτοῦ
1195 1032 1255 1115 (sc.
1278 1056 1303 1095 τ.
1402 1024 1407 1031 ’

193 1145 361 1233 πατρός),
388 1145 439 1222 14,
466 1145 505 1210 17
540 1142 588 1209 ὅτε
610 1154 687 1216 ,παῖς
713 1140 755 1206 ὢν
779 1138 876 1206 οὔπω
908 1142 1005 1227 δῆλος
1035 1138 1074 1227 ἠν
1101 1136 1227 1211 ὁποῖός
1254 1162 1306 1211 τις

192 1258 306 1329 ἔσται,
331 1255 380 1317 διὰ
403 1255 440 1317 τὰ
463 1260 515 1317 τοῦ
538 1254 674 1336 πατρὸς
701 1248 1099 1336 ἁμαρτήματα-παρεδόθη.
1145 1247 1228 1311 'Pam
1256 1245 1306 1330 iia,

193 1380 277 1445 quae
300 1357 473 1442 attulimus,
505 1377 601 1440 quam
623 1356 706 1422 inter
730 1376 766 1422 se
789 1361 1007 1422 censentanea
1028 1352 1191 1420 videntur:
1238 1357 1258 1437 ξ
1284 1355 1303 1419 8

195 1467 366 1553 νομίζοντες
406 1465 543 1550 ἀνδρῶν
584 1463 734 1547 ἀγαθῶν
770 1461 863 1528 εἶναι
907 1466 1022 1535 ζῶντας
1067 1462 1135 1533 τοὺς
1176 1460 1307 1547 ἐχθροὺς

194 1574 428 1661 τιμωρήσασθαι,
455 1572 505 1656 19,
520 1571 562 1637 59
577 1567 745 1657 ἡγοόμενος
757 1567 850 1635 εἶναι
874 1568 1003 1653 ἀνδρὸς
1025 1566 1166 1651 ἀγαθοῦ
1181 1566 1306 1655 ὠφελεῖν
1347 1608 1349 1611 -

193 1682 264 1754 τοὺς
286 1680 400 1765 φίλους.
448 1676 514 1744 Sed
537 1675 725 1743 excelsioris
747 1675 847 1740 animi
861 1681 911 1741 est
925 1674 1035 1758 utique
1048 1673 1198 1739 virtutem
1212 1694 1306 1758 prae-

194 1794 296 1853 stare:
339 1789 359 1867 ἓ
399 1787 440 1852 10
480 1781 687 1870 οἷν-τιμωρίας
728 1782 935 1870 ἐπεθύμησαν,
973 1781 1135 1868 ἀλλὰ-τὴν
1172 1781 1307 1848 ἑαυτῶν

194 1896 333 1980 ἀρετὴν
378 1888 624 1969 ἐπεδείξαντο,
670 1890 723 1955 Er.
771 1892 859 1956 2342
904 1886 1127 1974 οὐδὲ-ἔχθρας
1162 1895 1309 1983 πρόφασιν

194 2006 381 2087 ίητήαοοοιν,
396 1997 560 2084 ἀλλ’-τὴν
576 1993 693 2062 αὑτῶν
710 1995 841 2082 ἀρετὴν
854 1995 1102 2068 ἐπιδείξοντατ.
1124 1994 1187 2060 Illa
1200 2001 1308 2060 autem

193 2107 361 2174 verborum
375 2104 495 2170 iunctio
511 2109 648 2190 apparet
663 2105 714 2182 18,
733 2105 773 2170 13
788 2108 821 2169 et
835 2106 855 2184 ξ
870 2103 913 2170 59
928 2103 989 2168 sie:
1016 2102 1166 2174 ἐπέδειξαν
1190 2101 1220 2168 ἐν
1243 2113 1309 2175 ταῖς

195 2214 363 2299 δοοτοχίαις
398 2217 452 2300 τὴν
484 2211 600 2278 ἑαοτῶν
632 2210 750 2299 ἀρετήν.
811 2208 875 2276 Sed
907 2215 942 2275 ut
973 2209 1018 2274 ad
1053 2208 1188 2274 alteram
1220 2208 1309 2274 illam

195 2320 316 2405 agendi
348 2340 481 2386 eausam
511 2325 726 2404 revertamur,
763 2317 882 2403 Lysias
915 2317 987 2402 ipse
1025 2316 1153 2400 quidem
1185 2337 1307 2401 sueque

196 2426 324 2492 nemine
350 2425 431 2491 lucri
454 2425 595 2493 studium
617 2425 851 2509 avaritiamque
884 2444 1059 2508 sanequam
1086 2423 1307 2510 perhorruisse

199 2539 231 2598 et
254 2532 486 2618 contempsisse
509 2531 645 2598 videtur.
691 2530 786 2609 Quod
808 2531 938 2616 quidem
960 2531 1097 2597 maxime
1127 2551 1167 2598 ex
1195 2551 1239 2597 ur.
1267 2534 1307 2597 12

194 2638 336 2723 intelligi
360 2645 476 2725 potest,
499 2640 533 2705 in
556 2659 620 2723 qua
643 2638 815 2705 avaritiam
838 2639 971 2722 triginta
993 2638 1145 2718 virerum,
1170 2638 1223 2704 cui
1236 2638 1307 2723 ipse

196 2754 263 2812 tam
286 2767 403 2831 graves
426 2767 550 2832 peenas
574 2746 717 2831 dederat,
750 2767 872 2813 summe
896 2766 967 2811 cum
999 2746 1073 2811 odie
1106 2745 1306 2832 perstringit.

195 2854 310 2937 ltaque
342 2874 405 2919 nen
433 2854 503 2920 sine
526 2854 636 2938 aliqua
658 2854 753 2922 huius
787 2854 835 2921 rei
867 2853 1102 2940 contemptione
1135 2874 1170 2920 se
1202 2853 1307 2939 ipsum

196 2967 275 3046 tum,
309 2981 379 3026 cum
410 2960 444 3025 in
476 2982 597 3028 summo
625 2962 714 3028 vitae
746 2961 889 3046 periculo
921 2966 1117 3045 versaretur,
1149 2959 1307 3027 dicentem

196 3067 275 3133 facit
305 3067 347 3133 ib.
383 3070 439 3133 14:
469 3074 633 3155 χρημάτων
661 3066 687 3133 δ’
711 3068 800 3134 ἕνεκα
832 3067 1008 3154 ἀπόλλομαο
1068 3065 1192 3132 Eadem
1227 3068 1307 3133 lucri

203 3173 417 3260 despicientia
439 3180 537 3258 atque
564 3174 669 3240 irrisio
696 3174 823 3241 videtur
853 3175 960 3240 inesse
982 3174 1016 3239 in
1042 3173 1162 3259 verbis,
1193 3174 1307 3258 quibus

195 3280 438 3347 Atheniensium
460 3281 634 3348 maioribus
657 3302 715 3368 pre
744 3281 883 3348 Graecia
905 3281 939 3346 in
967 3282 1027 3347 sua
1055 3287 1141 3347 terra
1172 3287 1307 3367 tropaea

196 3387 387 3472 ponentibus
419 3389 538 3455 Persas
571 3389 717 3475 opponit:
753 3393 774 3471 ξ
806 3389 848 3456 25
880 3385 951 3475 ὑπὲρ
982 3396 1147 3477 χρημάτων
1178 3386 1220 3462 εἰς
1250 3394 1307 3477 τὴν

200 3492 361 3577 ἀλλοτρίαν
388 3494 588 3581 ἐμβαλόντων.
634 3495 736 3562 Simili
760 3502 867 3562 eutem
894 3493 989 3561 mede
1018 3501 1126 3561 crater
1153 3502 1307 3579 quaestus

197 3597 338 3666 studium
360 3599 471 3667 irridet
492 3601 623 3668 ludibrii
647 3601 866 3688 amplificandi
890 3622 989 3668 causa
1007 3610 1153 3691 χρήματα
1175 3601 1306 3688 (edelar)

196 3706 247 3771 vel
269 3704 451 3772 hominibus
473 3709 525 3774 vel
548 3710 644 3775 rebus
668 3709 860 3793 quibusdam
874 3729 1040 3794 opponens
1066 3712 1115 3795 12,
1132 3713 1160 3776 7.
1188 3712 1307 3794 28,16.

199 3814 250 3896 29,
269 3816 316 3898 11,
335 3815 384 3880 12.
409 3814 460 3899 31,
475 3816 504 3881 ό.
527 3817 578 3901 32,
596 3818 644 3882 17.
668 3815 704 3881 fr.
719 3818 771 3883 84.
808 3814 902 3893 Quod
916 3816 944 3882 si
958 3814 1096 3899 denique
1109 3816 1213 3882 lecum
1229 3820 1249 3898 ξ
1264 3818 1306 3883 33

198 3918 343 4006 legimus,
374 3941 480 3987 nenne
511 3912 570 3987 ibi'
586 3922 706 4009 Lysiae
738 3922 842 4007 ipsius
872 3942 983 3988 verum
1010 3923 1173 4007 ingenium
1209 3928 1306 4007 atque

197 4025 357 4092 somenam
381 4047 536 4115 expressa
549 4028 660 4095 videre
682 4027 837 4114 videmur,
860 4029 915 4113 qui
929 4029 1027 4096 etiam
1045 4030 1115 4115 ipse
1134 4050 1192 4116 pre
1212 4030 1305 4095 liher-

196 4138 264 4198 tate
274 4140 371 4217 atque
385 4135 544 4220 dignitate
557 4135 684 4221 patriae
698 4143 731 4201 et
744 4136 882 4221 patriam
892 4143 925 4202 et
939 4138 1107 4223 pecuniam
1121 4136 1305 4203 amisisset?

263 4240 306 4306 Ut
329 4262 438 4309 rursus
462 4243 551 4310 aliud
572 4243 658 4327 qued
677 4243 868 4329 principium
888 4245 935 4312 rei
959 4243 1172 4331 explicandae
1195 4264 1305 4310 cense-

196 4348 421 4436 quamur,quid
436 4350 553 4440 Lysias
564 4349 605 4420 de
611 4351 763 4422 universa
770 4352 839 4417 vita
849 4352 1163 4447 rebusqnelertunae
1169 4350 1306 4420 senserit
