3109 4884
744 369 783 431 13

207 560 392 652 ingeniiqde
415 565 466 632 sui
487 568 732 628 monumentum.
777 560 826 625 Ao
853 559 938 625 siin
959 557 1026 623 ullo
1049 564 1192 624 votorum
1219 558 1317 643 serip-

208 682 320 759 torum,
344 678 431 740 oerte
453 672 487 735 in
509 670 630 755 Lysiae
652 668 795 752 imagine
819 664 1032 732 describenda
1053 665 1208 751 imprimis
1222 686 1318 749 quae·

208 782 341 849 rendum
354 779 490 862 videtur,
514 776 592 860 quid
614 776 666 842 hio
690 780 799 841 orator
822 772 863 839 de
885 793 921 837 re
936 772 1067 857 publiea
1082 771 1225 855 gerenda
1248 793 1318 839 sen·

209 890 304 973 serit,
337 907 434 970 quam
464 884 622 950 rationem
655 902 761 948 rerum
794 880 935 946 civilium
972 886 1101 946 secutus
1133 880 1184 946 sit
1236 882 1320 948 Nam

210 1014 405 1080 quamquam
428 992 500 1077 ipse
522 1009 695 1074 numquam
707 988 902 1071 insigniores
917 992 1028 1072 partes
1050 986 1084 1051 in
1099 985 1231 1052 civitate
1244 988 1321 1073 egit,

211 1109 319 1168 tamen
342 1101 429 1167 vitae
453 1118 532 1165 suae
554 1094 832 1163 vicissitudinibus
860 1100 992 1160 ooaetus
1022 1099 1072 1159 est
1097 1093 1144 1160 rei
1171 1093 1321 1179 publioae

209 1208 488 1276 vehementissime
521 1204 651 1271 studere
682 1202 873 1288 patriaeque
909 1200 1007 1266 saluti
1039 1200 1215 1268 eonsulero.
1270 1201 1321 1268 An

210 1317 311 1402 plaga
334 1315 392 1379 illa
414 1313 534 1397 Lysiae
557 1333 577 1377 a
599 1310 734 1394 triginta
756 1309 835 1374 viris
862 1306 984 1373 inflicta
1010 1327 1074 1372 non
1102 1306 1162 1373 fuit
1187 1329 1321 1376 neeesse

211 1420 404 1508 profundam
444 1425 542 1502 atque
578 1416 784 1483 indelebilem
820 1414 982 1498 quandam
1013 1413 1257 1500 impressionem
1288 1417 1322 1482 in

212 1529 319 1594 auimo
353 1527 422 1593 eius
454 1525 592 1608 relinqui
623 1523 795 1607 omniaque
827 1522 897 1588 eius
928 1521 1016 1587 dieta
1047 1521 1198 1605 laetaque
1229 1525 1323 1607 quasi

211 1634 309 1717 plane
332 1631 481 1718 populari
505 1630 646 1715 quadam
669 1630 771 1695 forma
794 1627 939 1714 percuti?
985 1627 1113 1694 Etenim
1144 1627 1230 1695 idem
1257 1630 1322 1695 iam

213 1747 311 1806 antea
335 1746 432 1823 atque
455 1745 571 1804 natura
599 1736 722 1802 amious
751 1735 863 1821 populi
891 1740 924 1799 et
951 1734 1151 1819 optimatium
1176 1735 1323 1803 inimicus

211 1845 325 1915 fuerat.
370 1847 420 1913 Ne
434 1846 544 1929 multa,
558 1844 677 1929 Lysias
690 1842 824 1926 triginta
838 1820 976 1907 virorum
991 1861 1163 1925 eorumque
1181 1842 1324 1908 domina·

210 1953 309 2018 tionis
333 1951 638 2018 exacerbatissimus
661 1949 870 2016 adversarius
893 1948 961 2014 fuit.
1006 1947 1112 2030 Atque
1135 1969 1206 2014 eum
1229 1949 1271 2015 de
1285 1970 1323 2015 eo

212 2065 372 2143 ageretur,
405 2065 441 2124 ut
462 2057 511 2122 illi
533 2056 663 2142 tyranni
694 2055 930 2141 expellerentur
963 2054 1193 2139 imperiumque
1223 2076 1324 2142 popu·

212 2168 281 2232 lare
311 2166 560 2249 restitueretur,
587 2184 645 2250 pro
677 2163 805 2249 patriae
836 2155 998 2228 libertate
1023 2182 1096 2228 eum
1125 2182 1190 2227 non
1222 2164 1325 2230 solum

211 2274 317 2358 ipsum
340 2273 372 2338 in
395 2273 467 2339 aoie
489 2271 616 2337 fortiter
639 2270 804 2356 dimicare,
833 2290 943 2336 verum
966 2269 1065 2334 etiam
1088 2269 1218 2336 ultimas
1248 2292 1324 2338 suas

216 2381 361 2446 fortunas
384 2379 418 2444 in
441 2379 612 2446 discrimen
640 2378 755 2444 offerre
782 2376 938 2443 videmus.
984 2376 1055 2442 Hoe
1086 2377 1185 2460 igitur
1215 2379 1326 2464 populi

217 2486 358 2552 studium
389 2492 422 2551 et
452 2493 660 2570 tyrannorum
688 2484 798 2550 odium
829 2483 948 2568 Lysias
975 2504 1040 2548 non
1068 2484 1171 2549 solum
1197 2486 1231 2550 in
1257 2487 1326 2552 vita

216 2613 276 2658 sua
299 2592 433 2659 oonsilio
456 2598 489 2659 et
510 2612 546 2657 re
568 2591 739 2677 praestitit,
762 2589 822 2656 sed
845 2590 943 2656 etiam
964 2589 998 2654 in
1021 2590 1097 2675 suis,
1121 2612 1203 2674 quas
1226 2593 1325 2679 serip-

217 2699 272 2785 sit,
306 2699 504 2765 orationibus
541 2698 744 2784 apertissime
782 2704 879 2781 atque
915 2696 1126 2765 disertissimo
1157 2701 1325 2784 expressit.

216 2804 302 2881 Quin
325 2805 423 2872 etiam
447 2806 519 2892 ipse
534 2825 656 2890 suoque
678 2804 808 2871 nomine
829 2804 880 2870 bis
897 2805 1012 2870 saltem
1026 2804 1211 2872 adiumento
1226 2807 1325 2872 faeul-

217 2913 296 2977 tatis
332 2913 493 2978 oratoriae
524 2933 602 2979 usus
634 2933 693 2998 pro
727 2911 833 2978 salute
868 2912 996 2996 patriae
1028 2919 1140 2978 eontra
1171 2920 1325 2997 tyrannos

217 3018 444 3105 propugnavit,
468 3019 601 3102 eiusque
624 3018 727 3084 oratio
751 3017 942 3083 duodecima
957 3017 1092 3102 perinde
1115 3025 1211 3102 atque
1227 3021 1325 3105 olym-

215 3126 330 3211 piaeus
352 3124 612 3210 praeclarissima
636 3130 711 3191 sunt
738 3125 923 3191 testimonia
950 3132 982 3191 et
1010 3124 1200 3192 documenta
1227 3128 1326 3192 animi

218 3232 287 3298 eius
309 3231 476 3317 popularis
490 3238 588 3315 atque
611 3231 644 3296 in
666 3250 791 3296 ornnem
806 3230 1055 3297 dominationem
1067 3231 1193 3299 infensi.
1231 3231 1325 3306 Quod

218 3339 247 3405 si
269 3340 343 3405 hino
365 3340 425 3406 has
440 3340 560 3424 Lysiae
579 3339 714 3405 virtutes
737 3338 937 3425 respicimus,
960 3338 1049 3404 illino
1071 3339 1146 3407 illas
1169 3340 1202 3405 in
1225 3341 1326 3426 epita·

217 3445 294 3532 pbio
317 3446 477 3530 imagines
501 3445 712 3532 exemplaque
735 3445 854 3512 amoris
877 3445 1013 3530 patriae,
1036 3445 1196 3517 libertatis
1220 3446 1326 3533 studii,

218 3553 401 3619 dominatus
437 3552 518 3638 odii,
566 3560 631 3618 tum
650 3620 651 3623 ,
667 3572 743 3625 vero
779 3552 870 3617 illam
901 3551 1117 3639 popularium,
1155 3574 1176 3618 a
1211 3553 1326 3637 quibus

217 3661 273 3726 ille
310 3660 382 3746 ipse
424 3666 559 3727 steterat
595 3666 627 3725 et
653 3664 873 3745 pugnaverat,
920 3658 1197 3743 praedicationem
1233 3681 1326 3747 repu-

218 3774 337 3852 tamus,
366 3787 441 3831 num
468 3766 666 3851 praeclarius
695 3773 751 3832 aut
778 3766 873 3832 huius
901 3766 1038 3833 oratoris
1073 3767 1171 3833 animi
1201 3767 1327 3837 indoles

219 3874 401 3940 confirmari
424 3878 521 3956 atque
535 3875 628 3957 quasi
651 3873 795 3959 suppleri
819 3879 875 3939 aut
889 3873 938 3938 illi
952 3874 1089 3940 orationi
1103 3874 1158 3941 lux
1173 3881 1205 3940 et
1219 3882 1326 3942 aneto·

219 3981 299 4047 ritas
322 3981 429 4047 afferri
451 3986 567 4065 potest,
592 4001 688 4064 quam
711 3981 740 4047 si
763 4000 835 4045 eam
858 3982 900 4047 ab
922 3980 979 4045 illo
1003 3982 1214 4066 compositam
1236 3982 1326 4067 poni-

220 4108 290 4153 mus
319 4094 352 4154 ot
379 4087 575 4154 eonieimus‘l
628 4088 678 4156 Ne
709 4088 804 4173 plura
837 4086 950 4173 diuam,
982 4088 1245 4153 verisimillimum
1278 4094 1329 4154 est

219 4194 340 4259 nullum
363 4194 461 4260 alium
488 4214 584 4278 quam
605 4194 738 4278 Lysiam
765 4195 884 4281 ipsum,
907 4194 1027 4280 quippe
1059 4194 1114 4277 qui
1145 4194 1179 4259 in
1211 4195 1327 4261 ueteris

221 4300 418 4367 orationibus
441 4322 544 4385 usque
567 4321 693 4386 quaque
720 4301 877 4387 populare
903 4301 1071 4386 imperium
1092 4300 1230 4384 illosque
1258 4303 1328 4369 eius

220 4414 476 4494 propugnatores
498 4409 631 4477 summis
645 4408 759 4475 efferat
772 4407 932 4493 laudibus,
954 4409 987 4473 in
1005 4408 1171 4494 epitaphio
1185 4410 1327 4477 occasio·
