<?xml version="1.0" encoding="UTF-8"?>
<!DOCTYPE html PUBLIC "-//W3C//DTD XHTML 1.0 Transitional//EN"
    "http://www.w3.org/TR/xhtml1/DTD/xhtml1-transitional.dtd">
<html xmlns="http://www.w3.org/1999/xhtml" xml:lang="en" lang="en">
 <head>
  <title>
</title>
<meta http-equiv="Content-Type" content="text/html;charset=utf-8" />
  <meta name='ocr-system' content='tesseract 3.04.00' />
  <meta name='ocr-capabilities' content='ocr_page ocr_carea ocr_par ocr_line ocrx_word'/>
</head>
<body>
  <div class='ocr_page' id='page_1' title='image "./delysiaeepitaph00thomgoog_0046.png"; bbox 0 0 3109 4884; ppageno 0'>
   <div class='ocr_carea' id='block_1_1' title="bbox 789 338 831 402">
    <p class='ocr_par' dir='ltr' id='par_1_1' title="bbox 789 338 831 402">
     <span class='ocr_line' id='line_1_1' title="bbox 789 338 831 402; baseline 0 0"><span class='ocrx_word' id='word_1_1' title='bbox 789 338 831 402; x_wconf 88' lang='grc'>36</span> 
     </span>
    </p>
   </div>
   <div class='ocr_carea' id='block_1_2' title="bbox 250 529 1391 4258">
    <p class='ocr_par' dir='ltr' id='par_1_2' title="bbox 250 529 1391 4258">
     <span class='ocr_line' id='line_1_2' title="bbox 250 529 1366 614; baseline 0.004 -19"><span class='ocrx_word' id='word_1_2' title='bbox 250 536 373 596; x_wconf 90' lang='lat' dir='ltr'>tantum</span> <span class='ocrx_word' id='word_1_3' title='bbox 404 531 514 614; x_wconf 89' lang='lat' dir='ltr'>abest,</span> <span class='ocrx_word' id='word_1_4' title='bbox 550 536 587 595; x_wconf 92' lang='lat' dir='ltr'>nt</span> <span class='ocrx_word' id='word_1_5' title='bbox 617 529 694 598; x_wconf 92' lang='lat' dir='ltr'>illae</span> <span class='ocrx_word' id='word_1_6' title='bbox 729 530 880 597; x_wconf 78' lang='lat' dir='ltr'>licentiae</span> <span class='ocrx_word' id='word_1_7' title='bbox 912 529 1041 598; x_wconf 93' lang='lat' dir='ltr'>dicendi</span> <span class='ocrx_word' id='word_1_8' title='bbox 1071 531 1156 596; x_wconf 87' lang='lat' dir='ltr'>hanc</span> <span class='ocrx_word' id='word_1_9' title='bbox 1188 533 1366 599; x_wconf 88' lang='lat' dir='ltr'>orationem</span> 
     </span>
     <span class='ocr_line' id='line_1_3' title="bbox 252 636 1368 723; baseline 0.002 -21"><span class='ocrx_word' id='word_1_10' title='bbox 252 642 436 722; x_wconf 78' lang='lat' dir='ltr'><strong>suspectam</strong></span> <span class='ocrx_word' id='word_1_11' title='bbox 459 636 610 721; x_wconf 81' lang='lat' dir='ltr'><strong>reddant,</strong></span> <span class='ocrx_word' id='word_1_12' title='bbox 633 643 668 702; x_wconf 92' lang='lat' dir='ltr'>nt</span> <span class='ocrx_word' id='word_1_13' title='bbox 691 638 809 723; x_wconf 84' lang='lat' dir='ltr'>partim</span> <span class='ocrx_word' id='word_1_14' title='bbox 831 658 984 721; x_wconf 81' lang='lat' dir='ltr'>magnum</span> <span class='ocrx_word' id='word_1_15' title='bbox 1005 636 1084 702; x_wconf 91' lang='lat' dir='ltr'>mibi</span> <span class='ocrx_word' id='word_1_16' title='bbox 1107 645 1301 704; x_wconf 88' lang='lat' dir='ltr'>momentum</span> <span class='ocrx_word' id='word_1_17' title='bbox 1324 638 1368 704; x_wconf 91' lang='lat' dir='ltr'>ad</span> 
     </span>
     <span class='ocr_line' id='line_1_4' title="bbox 251 742 1367 827; baseline 0.004 -20"><span class='ocrx_word' id='word_1_18' title='bbox 251 742 347 810; x_wconf 88' lang='lat' dir='ltr'>fidem</span> <span class='ocrx_word' id='word_1_19' title='bbox 377 743 664 827; x_wconf 76' lang='lat' dir='ltr'>auctoritatemque</span> <span class='ocrx_word' id='word_1_20' title='bbox 693 744 762 810; x_wconf 91' lang='lat' dir='ltr'>eius</span> <span class='ocrx_word' id='word_1_21' title='bbox 791 744 1020 810; x_wconf 84' lang='lat' dir='ltr'>stabiliendam</span> <span class='ocrx_word' id='word_1_22' title='bbox 1056 751 1153 827; x_wconf 89' lang='lat' dir='ltr'>atque</span> <span class='ocrx_word' id='word_1_23' title='bbox 1181 744 1367 811; x_wconf 88' lang='lat' dir='ltr'>confirman-</span> 
     </span>
     <span class='ocr_line' id='line_1_5' title="bbox 252 849 1367 935; baseline 0.001 -20"><span class='ocrx_word' id='word_1_24' title='bbox 252 849 327 915; x_wconf 91' lang='lat' dir='ltr'>dam</span> <span class='ocrx_word' id='word_1_25' title='bbox 350 850 466 916; x_wconf 86' lang='lat' dir='ltr'>afferre</span> <span class='ocrx_word' id='word_1_26' title='bbox 488 850 667 917; x_wconf 85' lang='lat' dir='ltr'>videantur.</span> <span class='ocrx_word' id='word_1_27' title='bbox 705 850 741 916; x_wconf 84' lang='lat' dir='ltr'>si</span> <span class='ocrx_word' id='word_1_28' title='bbox 763 851 863 934; x_wconf 81' lang='lat' dir='ltr'>igitur</span> <span class='ocrx_word' id='word_1_29' title='bbox 885 851 970 917; x_wconf 92' lang='lat' dir='ltr'>hanc</span> <span class='ocrx_word' id='word_1_30' title='bbox 993 851 1061 916; x_wconf 84' lang='lat' dir='ltr'>fere</span> <span class='ocrx_word' id='word_1_31' title='bbox 1084 852 1239 918; x_wconf 88' lang='lat' dir='ltr'>rationem</span> <span class='ocrx_word' id='word_1_32' title='bbox 1263 853 1367 935; x_wconf 92' lang='lat' dir='ltr'>sequi-</span> 
     </span>
     <span class='ocr_line' id='line_1_6' title="bbox 250 955 1368 1043; baseline 0.002 -21"><span class='ocrx_word' id='word_1_33' title='bbox 250 978 339 1043; x_wconf 89' lang='lat' dir='ltr'><strong>mur,</strong></span> <span class='ocrx_word' id='word_1_34' title='bbox 376 955 420 1023; x_wconf 92' lang='lat' dir='ltr'>ad</span> <span class='ocrx_word' id='word_1_35' title='bbox 456 956 674 1042; x_wconf 84' lang='lat' dir='ltr'>granditatem</span> <span class='ocrx_word' id='word_1_36' title='bbox 710 956 874 1041; x_wconf 90' lang='lat' dir='ltr'>quandam</span> <span class='ocrx_word' id='word_1_37' title='bbox 913 957 1002 1024; x_wconf 84' lang='lat' dir='ltr'>valet</span> <span class='ocrx_word' id='word_1_38' title='bbox 1038 978 1077 1024; x_wconf 87' lang='lat' dir='ltr'>ac</span> <span class='ocrx_word' id='word_1_39' title='bbox 1112 958 1253 1042; x_wconf 86' lang='lat' dir='ltr'>pertinet</span> <span class='ocrx_word' id='word_1_40' title='bbox 1286 958 1368 1026; x_wconf 91' lang='lat' dir='ltr'>haec</span> 
     </span>
     <span class='ocr_line' id='line_1_7' title="bbox 251 1063 1369 1152; baseline 0.001 -23"><span class='ocrx_word' id='word_1_41' title='bbox 251 1064 404 1131; x_wconf 87' lang='lat' dir='ltr'>adiectivi</span> <span class='ocrx_word' id='word_1_42' title='bbox 428 1085 498 1131; x_wconf 90' lang='lat' dir='ltr'>cum</span> <span class='ocrx_word' id='word_1_43' title='bbox 522 1063 675 1131; x_wconf 80' lang='lat' dir='ltr'>adverbio</span> <span class='ocrx_word' id='word_1_44' title='bbox 699 1064 898 1131; x_wconf 91' lang='lat' dir='ltr'>coniunctio:</span> <span class='ocrx_word' id='word_1_45' title='bbox 932 1068 952 1146; x_wconf 97' lang='lat'>5</span> <span class='ocrx_word' id='word_1_46' title='bbox 976 1067 1020 1131; x_wconf 90' lang='grc'>20</span> <span class='ocrx_word' id='word_1_47' title='bbox 1049 1070 1110 1130; x_wconf 81' lang='grc' dir='ltr'>καὶ</span> <span class='ocrx_word' id='word_1_48' title='bbox 1138 1070 1280 1152; x_wconf 79' lang='grc' dir='ltr'>μεγάλα</span> <span class='ocrx_word' id='word_1_49' title='bbox 1306 1070 1369 1132; x_wconf 81' lang='grc' dir='ltr'>καὶ</span> 
     </span>
     <span class='ocr_line' id='line_1_8' title="bbox 252 1172 1367 1260; baseline 0.002 -23"><span class='ocrx_word' id='word_1_50' title='bbox 252 1182 424 1260; x_wconf 75' lang='grc' dir='ltr'>πανταχοῦ</span> <span class='ocrx_word' id='word_1_51' title='bbox 447 1172 615 1258; x_wconf 80' lang='grc' dir='ltr'>(τρόπαια),</span> <span class='ocrx_word' id='word_1_52' title='bbox 642 1174 694 1257; x_wconf 91' lang='grc'>33,</span> <span class='ocrx_word' id='word_1_53' title='bbox 717 1175 739 1238; x_wconf 92' lang='grc'>4</span> <span class='ocrx_word' id='word_1_54' title='bbox 766 1176 827 1239; x_wconf 81' lang='grc' dir='ltr'>παὶ</span> <span class='ocrx_word' id='word_1_55' title='bbox 856 1176 1040 1259; x_wconf 76' lang='grc' dir='ltr'>μεγάλους</span> <span class='ocrx_word' id='word_1_56' title='bbox 1066 1177 1128 1236; x_wconf 74' lang='grc' dir='ltr'>καὶ</span> <span class='ocrx_word' id='word_1_57' title='bbox 1150 1177 1367 1258; x_wconf 75' lang='grc' dir='ltr'>πανταχόθεν</span> 
     </span>
     <span class='ocr_line' id='line_1_9' title="bbox 251 1275 1368 1366; baseline 0.001 -22"><span class='ocrx_word' id='word_1_58' title='bbox 251 1280 442 1365; x_wconf 77' lang='grc' dir='ltr'>(κινδὺνους),</span> <span class='ocrx_word' id='word_1_59' title='bbox 477 1281 527 1364; x_wconf 88' lang='grc'>14,</span> <span class='ocrx_word' id='word_1_60' title='bbox 543 1282 583 1346; x_wconf 90' lang='grc'>19</span> <span class='ocrx_word' id='word_1_61' title='bbox 614 1284 676 1344; x_wconf 81' lang='grc' dir='ltr'>καί</span> <span class='ocrx_word' id='word_1_62' title='bbox 699 1282 857 1366; x_wconf 75' lang='grc' dir='ltr'>μεγάλαι</span> <span class='ocrx_word' id='word_1_63' title='bbox 878 1284 940 1344; x_wconf 81' lang='grc' dir='ltr'>καὶ</span> <span class='ocrx_word' id='word_1_64' title='bbox 961 1275 1033 1364; x_wconf 66' lang='lat' dir='ltr'>cusp</span> <span class='ocrx_word' id='word_1_65' title='bbox 1057 1278 1214 1345; x_wconf 81' lang='grc' dir='ltr'>ἁπάντων</span> <span class='ocrx_word' id='word_1_66' title='bbox 1237 1305 1261 1345; x_wconf 87' lang='grc' dir='ltr'>τ.</span> <span class='ocrx_word' id='word_1_67' title='bbox 1283 1278 1368 1345; x_wconf 68' lang='grc' dir='ltr'>Ἑλλ·</span> 
     </span>
     <span class='ocr_line' id='line_1_10' title="bbox 251 1384 1369 1472; baseline -0.002 -19"><span class='ocrx_word' id='word_1_68' title='bbox 251 1386 394 1472; x_wconf 83' lang='grc' dir='ltr'>(ἀρεταί).</span> <span class='ocrx_word' id='word_1_69' title='bbox 458 1385 586 1452; x_wconf 87' lang='lat' dir='ltr'>Deinde</span> <span class='ocrx_word' id='word_1_70' title='bbox 622 1384 664 1452; x_wconf 92' lang='lat' dir='ltr'>de</span> <span class='ocrx_word' id='word_1_71' title='bbox 702 1385 844 1470; x_wconf 82' lang='lat' dir='ltr'>genetivi</span> <span class='ocrx_word' id='word_1_72' title='bbox 880 1406 941 1453; x_wconf 92' lang='lat' dir='ltr'>usu</span> <span class='ocrx_word' id='word_1_73' title='bbox 978 1386 1109 1471; x_wconf 89' lang='lat' dir='ltr'>proprio</span> <span class='ocrx_word' id='word_1_74' title='bbox 1146 1385 1369 1472; x_wconf 89' lang='lat' dir='ltr'>componenda</span> 
     </span>
     <span class='ocr_line' id='line_1_11' title="bbox 250 1492 1368 1578; baseline -0.001 -17"><span class='ocrx_word' id='word_1_75' title='bbox 250 1492 401 1561; x_wconf 87' lang='lat' dir='ltr'>videntur</span> <span class='ocrx_word' id='word_1_76' title='bbox 434 1500 466 1560; x_wconf 86' lang='lat' dir='ltr'>et</span> <span class='ocrx_word' id='word_1_77' title='bbox 499 1497 519 1574; x_wconf 79' lang='lat'>5</span> <span class='ocrx_word' id='word_1_78' title='bbox 548 1496 568 1560; x_wconf 90' lang='grc'>8</span> <span class='ocrx_word' id='word_1_79' title='bbox 601 1494 672 1566; x_wconf 74' lang='grc' dir='ltr'>τοῖς</span> <span class='ocrx_word' id='word_1_80' title='bbox 694 1498 783 1567; x_wconf 74' lang='grc' dir='ltr'>ζῶσιν</span> <span class='ocrx_word' id='word_1_81' title='bbox 815 1492 970 1578; x_wconf 76' lang='grc' dir='ltr'>Ἀργείων,</span> <span class='ocrx_word' id='word_1_82' title='bbox 1005 1496 1055 1577; x_wconf 86' lang='grc'>18,</span> <span class='ocrx_word' id='word_1_83' title='bbox 1081 1496 1118 1559; x_wconf 93' lang='grc'>11</span> <span class='ocrx_word' id='word_1_84' title='bbox 1152 1505 1214 1566; x_wconf 89' lang='grc' dir='ltr'>τοῖς</span> <span class='ocrx_word' id='word_1_85' title='bbox 1245 1494 1368 1560; x_wconf 73' lang='grc' dir='ltr'>ἐλθοῦσι</span> 
     </span>
     <span class='ocr_line' id='line_1_12' title="bbox 251 1600 1370 1688; baseline 0.002 -23"><span class='ocrx_word' id='word_1_86' title='bbox 251 1600 501 1688; x_wconf 73' lang='grc' dir='ltr'>Πελοποννησίων</span> <span class='ocrx_word' id='word_1_87' title='bbox 530 1607 563 1665; x_wconf 84' lang='lat' dir='ltr'>et</span> <span class='ocrx_word' id='word_1_88' title='bbox 589 1605 610 1682; x_wconf 89' lang='lat'>5</span> <span class='ocrx_word' id='word_1_89' title='bbox 640 1602 683 1668; x_wconf 90' lang='grc'>56</span> <span class='ocrx_word' id='word_1_90' title='bbox 708 1600 803 1666; x_wconf 79' lang='grc' dir='ltr'>ἐδίδου</span> <span class='ocrx_word' id='word_1_91' title='bbox 824 1613 881 1667; x_wconf 81' lang='grc' dir='ltr'>τῶν</span> <span class='ocrx_word' id='word_1_92' title='bbox 905 1600 1023 1676; x_wconf 76' lang='grc' dir='ltr'>ἑαυτοῦ,</span> <span class='ocrx_word' id='word_1_93' title='bbox 1062 1602 1112 1684; x_wconf 94' lang='grc'>13,</span> <span class='ocrx_word' id='word_1_94' title='bbox 1135 1603 1155 1667; x_wconf 90' lang='grc'>9</span> <span class='ocrx_word' id='word_1_95' title='bbox 1185 1613 1240 1666; x_wconf 79' lang='grc' dir='ltr'>τῶν</span> <span class='ocrx_word' id='word_1_96' title='bbox 1262 1613 1370 1687; x_wconf 80' lang='grc' dir='ltr'>τειχῶν</span> 
     </span>
     <span class='ocr_line' id='line_1_13' title="bbox 253 1706 1368 1793; baseline 0.001 -19"><span class='ocrx_word' id='word_1_97' title='bbox 253 1710 362 1785; x_wconf 86' lang='grc' dir='ltr'>διελεῖν,</span> <span class='ocrx_word' id='word_1_98' title='bbox 395 1707 434 1774; x_wconf 83' lang='lat' dir='ltr'>cf.</span> <span class='ocrx_word' id='word_1_99' title='bbox 458 1708 557 1773; x_wconf 83' lang='lat' dir='ltr'>Thuc.</span> <span class='ocrx_word' id='word_1_100' title='bbox 580 1708 610 1793; x_wconf 94' lang='lat' dir='ltr'>I,</span> <span class='ocrx_word' id='word_1_101' title='bbox 638 1709 691 1792; x_wconf 85' lang='lat'>58,</span> <span class='ocrx_word' id='word_1_102' title='bbox 710 1711 740 1774; x_wconf 83' lang='lat'>2.</span> <span class='ocrx_word' id='word_1_103' title='bbox 787 1706 989 1792; x_wconf 80' lang='lat' dir='ltr'>Quamquam</span> <span class='ocrx_word' id='word_1_104' title='bbox 1018 1708 1157 1772; x_wconf 89' lang='lat' dir='ltr'>omnium</span> <span class='ocrx_word' id='word_1_105' title='bbox 1183 1707 1368 1792; x_wconf 91' lang='lat' dir='ltr'>communis,</span> 
     </span>
     <span class='ocr_line' id='line_1_14' title="bbox 252 1813 1368 1900; baseline 0.001 -20"><span class='ocrx_word' id='word_1_106' title='bbox 252 1822 361 1881; x_wconf 89' lang='lat' dir='ltr'>tamen</span> <span class='ocrx_word' id='word_1_107' title='bbox 374 1821 488 1881; x_wconf 86' lang='lat' dir='ltr'>notatu</span> <span class='ocrx_word' id='word_1_108' title='bbox 509 1835 574 1882; x_wconf 94' lang='lat' dir='ltr'>non</span> <span class='ocrx_word' id='word_1_109' title='bbox 588 1813 740 1899; x_wconf 80' lang='lat' dir='ltr'>indignus</span> <span class='ocrx_word' id='word_1_110' title='bbox 765 1821 815 1882; x_wconf 89' lang='lat' dir='ltr'>est</span> <span class='ocrx_word' id='word_1_111' title='bbox 837 1835 916 1882; x_wconf 90' lang='lat' dir='ltr'>usus</span> <span class='ocrx_word' id='word_1_112' title='bbox 939 1813 995 1879; x_wconf 91' lang='lat' dir='ltr'>ille</span> <span class='ocrx_word' id='word_1_113' title='bbox 1008 1813 1172 1900; x_wconf 85' lang='lat' dir='ltr'>participii</span> <span class='ocrx_word' id='word_1_114' title='bbox 1185 1814 1368 1900; x_wconf 89' lang='lat' dir='ltr'>praesentis</span> 
     </span>
     <span class='ocr_line' id='line_1_15' title="bbox 253 1919 1369 2009; baseline -0.003 -20"><span class='ocrx_word' id='word_1_115' title='bbox 253 1922 389 1989; x_wconf 89' lang='lat' dir='ltr'>subiecti</span> <span class='ocrx_word' id='word_1_116' title='bbox 411 1923 444 1987; x_wconf 92' lang='lat' dir='ltr'>in</span> <span class='ocrx_word' id='word_1_117' title='bbox 466 1922 571 1990; x_wconf 86' lang='lat' dir='ltr'>vicem</span> <span class='ocrx_word' id='word_1_118' title='bbox 595 1921 813 1989; x_wconf 89' lang='lat' dir='ltr'>succedentis:</span> <span class='ocrx_word' id='word_1_119' title='bbox 837 1925 857 2003; x_wconf 98' lang='lat'>5</span> <span class='ocrx_word' id='word_1_120' title='bbox 882 1924 924 1988; x_wconf 87' lang='grc'>29</span> <span class='ocrx_word' id='word_1_121' title='bbox 947 1921 1102 2009; x_wconf 80' lang='grc' dir='ltr'>ἀμφότερα</span> <span class='ocrx_word' id='word_1_122' title='bbox 1125 1923 1150 1985; x_wconf 89' lang='grc' dir='ltr'>δ’</span> <span class='ocrx_word' id='word_1_123' title='bbox 1174 1921 1217 2009; x_wconf 76' lang='grc' dir='ltr'>ἦν</span> <span class='ocrx_word' id='word_1_124' title='bbox 1240 1919 1369 1995; x_wconf 72' lang='grc' dir='ltr'>αὐτοὺς</span> 
     </span>
     <span class='ocr_line' id='line_1_16' title="bbox 252 2025 1367 2114; baseline -0.001 -19"><span class='ocrx_word' id='word_1_125' title='bbox 252 2033 295 2095; x_wconf 87' lang='grc' dir='ltr'>τὰ</span> <span class='ocrx_word' id='word_1_126' title='bbox 308 2032 498 2108; x_wconf 80' lang='grc' dir='ltr'>πείθοντα,</span> <span class='ocrx_word' id='word_1_127' title='bbox 513 2030 565 2096; x_wconf 82' lang='lat' dir='ltr'>Er.</span> <span class='ocrx_word' id='word_1_128' title='bbox 580 2031 671 2096; x_wconf 79' lang='lat'><strong>2320</strong></span> <span class='ocrx_word' id='word_1_129' title='bbox 684 2032 785 2095; x_wconf 84' lang='grc' dir='ltr'>πολλὰ</span> <span class='ocrx_word' id='word_1_130' title='bbox 799 2033 856 2114; x_wconf 86' lang='grc' dir='ltr'>γὰρ</span> <span class='ocrx_word' id='word_1_131' title='bbox 876 2025 1004 2100; x_wconf 70' lang='grc' dir='ltr'>αότοὺς</span> <span class='ocrx_word' id='word_1_132' title='bbox 1021 2028 1096 2092; x_wconf 74' lang='grc' dir='ltr'>ἐστι</span> <span class='ocrx_word' id='word_1_133' title='bbox 1115 2032 1159 2093; x_wconf 81' lang='grc' dir='ltr'>τὰ</span> <span class='ocrx_word' id='word_1_134' title='bbox 1177 2032 1367 2105; x_wconf 78' lang='grc' dir='ltr'>λυποῦντα,</span> 
     </span>
     <span class='ocr_line' id='line_1_17' title="bbox 253 2135 1368 2221; baseline -0.001 -18"><span class='ocrx_word' id='word_1_135' title='bbox 253 2135 292 2204; x_wconf 83' lang='lat' dir='ltr'>cf.</span> <span class='ocrx_word' id='word_1_136' title='bbox 318 2140 421 2221; x_wconf 84' lang='lat'><strong>1‚16,</strong></span> <span class='ocrx_word' id='word_1_137' title='bbox 447 2139 496 2203; x_wconf 90' lang='grc'>19.</span> <span class='ocrx_word' id='word_1_138' title='bbox 528 2138 558 2221; x_wconf 87' lang='grc'>3,</span> <span class='ocrx_word' id='word_1_139' title='bbox 584 2140 633 2220; x_wconf 83' lang='grc'>15,</span> <span class='ocrx_word' id='word_1_140' title='bbox 656 2138 708 2203; x_wconf 91' lang='grc'>46.</span> <span class='ocrx_word' id='word_1_141' title='bbox 735 2139 766 2220; x_wconf 98' lang='grc'>4,</span> <span class='ocrx_word' id='word_1_142' title='bbox 789 2138 820 2201; x_wconf 90' lang='grc'>4.</span> <span class='ocrx_word' id='word_1_143' title='bbox 855 2138 904 2220; x_wconf 94' lang='grc'>12,</span> <span class='ocrx_word' id='word_1_144' title='bbox 926 2138 979 2202; x_wconf 90' lang='grc'>49.</span> <span class='ocrx_word' id='word_1_145' title='bbox 1009 2138 1059 2220; x_wconf 96' lang='grc'>13,</span> <span class='ocrx_word' id='word_1_146' title='bbox 1082 2138 1134 2204; x_wconf 75' lang='grc'>81.</span> <span class='ocrx_word' id='word_1_147' title='bbox 1167 2139 1217 2221; x_wconf 90' lang='grc'>19,</span> <span class='ocrx_word' id='word_1_148' title='bbox 1240 2139 1292 2204; x_wconf 78' lang='grc'>57.</span> <span class='ocrx_word' id='word_1_149' title='bbox 1315 2138 1368 2221; x_wconf 88' lang='grc'>25,</span> 
     </span>
     <span class='ocr_line' id='line_1_18' title="bbox 254 2230 1391 2329; baseline -0.001 -20"><span class='ocrx_word' id='word_1_150' title='bbox 254 2247 284 2329; x_wconf 96' lang='grc'>6,</span> <span class='ocrx_word' id='word_1_151' title='bbox 308 2246 360 2310; x_wconf 94' lang='grc'>22.</span> <span class='ocrx_word' id='word_1_152' title='bbox 388 2246 440 2329; x_wconf 76' lang='grc'>27,</span> <span class='ocrx_word' id='word_1_153' title='bbox 462 2248 493 2308; x_wconf 88' lang='grc'>4.</span> <span class='ocrx_word' id='word_1_154' title='bbox 523 2245 575 2326; x_wconf 87' lang='grc'>29,</span> <span class='ocrx_word' id='word_1_155' title='bbox 601 2245 629 2309; x_wconf 90' lang='grc'>1.</span> <span class='ocrx_word' id='word_1_156' title='bbox 660 2241 696 2311; x_wconf 86' lang='lat' dir='ltr'>fr.</span> <span class='ocrx_word' id='word_1_157' title='bbox 713 2246 763 2310; x_wconf 88' lang='lat'>10.</span> <span class='ocrx_word' id='word_1_158' title='bbox 792 2242 828 2308; x_wconf 86' lang='lat' dir='ltr'>fr.</span> <span class='ocrx_word' id='word_1_159' title='bbox 843 2244 895 2327; x_wconf 89' lang='grc'>53,</span> <span class='ocrx_word' id='word_1_160' title='bbox 921 2248 948 2309; x_wconf 94' lang='grc'>1.</span> <span class='ocrx_word' id='word_1_161' title='bbox 993 2242 1119 2310; x_wconf 86' lang='lat' dir='ltr'>Pariter</span> <span class='ocrx_word' id='word_1_162' title='bbox 1141 2243 1294 2310; x_wconf 88' lang='lat' dir='ltr'>usitatum</span> <span class='ocrx_word' id='word_1_163' title='bbox 1316 2230 1391 2309; x_wconf 54' lang='lat' dir='ltr'>est&#39;</span> 
     </span>
     <span class='ocr_line' id='line_1_19' title="bbox 252 2349 1364 2435; baseline -0.001 -20"><span class='ocrx_word' id='word_1_164' title='bbox 252 2349 459 2435; x_wconf 82' lang='lat' dir='ltr'>participium</span> <span class='ocrx_word' id='word_1_165' title='bbox 489 2349 553 2416; x_wconf 84' lang='lat' dir='ltr'>vim</span> <span class='ocrx_word' id='word_1_166' title='bbox 585 2349 815 2415; x_wconf 86' lang='lat' dir='ltr'>enuntiationis</span> <span class='ocrx_word' id='word_1_167' title='bbox 838 2349 1071 2416; x_wconf 82' lang='lat' dir='ltr'>condicionalis</span> <span class='ocrx_word' id='word_1_168' title='bbox 1107 2350 1246 2431; x_wconf 89' lang='lat' dir='ltr'>habens,</span> <span class='ocrx_word' id='word_1_169' title='bbox 1277 2350 1364 2416; x_wconf 87' lang='lat' dir='ltr'>velut</span> 
     </span>
     <span class='ocr_line' id='line_1_20' title="bbox 253 2456 1366 2545; baseline -0.001 -22"><span class='ocrx_word' id='word_1_170' title='bbox 253 2460 273 2538; x_wconf 89' lang='lat'>5</span> <span class='ocrx_word' id='word_1_171' title='bbox 297 2460 339 2524; x_wconf 88' lang='grc'>36</span> <span class='ocrx_word' id='word_1_172' title='bbox 363 2456 759 2545; x_wconf 71' lang='grc' dir='ltr'>εὐτυχησάντων-ἤλπιζον,</span> <span class='ocrx_word' id='word_1_173' title='bbox 784 2459 894 2541; x_wconf 86' lang='grc'>28,15</span> <span class='ocrx_word' id='word_1_174' title='bbox 918 2457 1262 2545; x_wconf 68' lang='grc' dir='ltr'>ἐλπὶς-δυστυχήσασιν.</span> <span class='ocrx_word' id='word_1_175' title='bbox 1297 2458 1366 2526; x_wconf 83' lang='grc' dir='ltr'>Νοο</span> 
     </span>
     <span class='ocr_line' id='line_1_21' title="bbox 253 2563 1367 2651; baseline 0.001 -23"><span class='ocrx_word' id='word_1_176' title='bbox 253 2564 406 2631; x_wconf 88' lang='lat' dir='ltr'>minorem</span> <span class='ocrx_word' id='word_1_177' title='bbox 429 2564 462 2630; x_wconf 96' lang='lat' dir='ltr'>in</span> <span class='ocrx_word' id='word_1_178' title='bbox 476 2563 605 2629; x_wconf 91' lang='lat' dir='ltr'>modum</span> <span class='ocrx_word' id='word_1_179' title='bbox 627 2564 812 2650; x_wconf 90' lang='lat' dir='ltr'>epitaphius</span> <span class='ocrx_word' id='word_1_180' title='bbox 825 2564 989 2649; x_wconf 84' lang='lat' dir='ltr'>particeps</span> <span class='ocrx_word' id='word_1_181' title='bbox 1015 2571 1065 2630; x_wconf 89' lang='lat' dir='ltr'>est</span> <span class='ocrx_word' id='word_1_182' title='bbox 1087 2564 1247 2651; x_wconf 81' lang='lat' dir='ltr'>licentiae,</span> <span class='ocrx_word' id='word_1_183' title='bbox 1270 2584 1367 2648; x_wconf 87' lang='lat' dir='ltr'>qnam</span> 
     </span>
     <span class='ocr_line' id='line_1_22' title="bbox 252 2669 1366 2757; baseline 0 -22"><span class='ocrx_word' id='word_1_184' title='bbox 252 2671 370 2756; x_wconf 88' lang='lat' dir='ltr'>Lysias</span> <span class='ocrx_word' id='word_1_185' title='bbox 401 2672 435 2737; x_wconf 91' lang='lat' dir='ltr'>in</span> <span class='ocrx_word' id='word_1_186' title='bbox 467 2672 677 2754; x_wconf 82' lang='lat' dir='ltr'>congruentia</span> <span class='ocrx_word' id='word_1_187' title='bbox 708 2670 872 2757; x_wconf 85' lang='lat' dir='ltr'>participii</span> <span class='ocrx_word' id='word_1_188' title='bbox 904 2671 967 2739; x_wconf 91' lang='lat' dir='ltr'>sibi</span> <span class='ocrx_word' id='word_1_189' title='bbox 999 2673 1141 2757; x_wconf 87' lang='lat' dir='ltr'>sumpsit</span> <span class='ocrx_word' id='word_1_190' title='bbox 1196 2669 1263 2738; x_wconf 88' lang='lat' dir='ltr'>Sed</span> <span class='ocrx_word' id='word_1_191' title='bbox 1295 2691 1366 2737; x_wconf 92' lang='lat' dir='ltr'>cnm</span> 
     </span>
     <span class='ocr_line' id='line_1_23' title="bbox 253 2778 1367 2866; baseline 0.001 -24"><span class='ocrx_word' id='word_1_192' title='bbox 253 2778 410 2843; x_wconf 89' lang='lat' dir='ltr'>rationem</span> <span class='ocrx_word' id='word_1_193' title='bbox 436 2778 623 2845; x_wconf 84' lang='lat' dir='ltr'>nominativi</span> <span class='ocrx_word' id='word_1_194' title='bbox 650 2778 791 2845; x_wconf 88' lang='lat' dir='ltr'>absoluti</span> <span class='ocrx_word' id='word_1_195' title='bbox 820 2782 906 2859; x_wconf 87' lang='lat'>548</span> <span class='ocrx_word' id='word_1_196' title='bbox 930 2780 1086 2866; x_wconf 85' lang='lat' dir='ltr'>exemplis</span> <span class='ocrx_word' id='word_1_197' title='bbox 1115 2781 1212 2865; x_wconf 87' lang='lat' dir='ltr'>plane</span> <span class='ocrx_word' id='word_1_198' title='bbox 1234 2779 1367 2864; x_wconf 87' lang='lat' dir='ltr'>paribus</span> 
     </span>
     <span class='ocr_line' id='line_1_24' title="bbox 254 2882 1368 2977; baseline 0 -25"><span class='ocrx_word' id='word_1_199' title='bbox 254 2905 294 2952; x_wconf 85' lang='lat' dir='ltr'>ex</span> <span class='ocrx_word' id='word_1_200' title='bbox 320 2885 422 2970; x_wconf 89' lang='lat' dir='ltr'>Lysia</span> <span class='ocrx_word' id='word_1_201' title='bbox 449 2885 536 2977; x_wconf 85' lang='lat' dir='ltr'>ipso,</span> <span class='ocrx_word' id='word_1_202' title='bbox 563 2884 626 2951; x_wconf 91' lang='lat' dir='ltr'>nisi</span> <span class='ocrx_word' id='word_1_203' title='bbox 649 2882 732 2950; x_wconf 83' lang='lat' dir='ltr'>forte</span> <span class='ocrx_word' id='word_1_204' title='bbox 758 2887 807 2969; x_wconf 93' lang='grc'>12,</span> <span class='ocrx_word' id='word_1_205' title='bbox 829 2888 857 2951; x_wconf 78' lang='lat' dir='ltr'>l.</span> <span class='ocrx_word' id='word_1_206' title='bbox 883 2889 932 2970; x_wconf 85' lang='lat'>13,</span> <span class='ocrx_word' id='word_1_207' title='bbox 948 2886 1004 2972; x_wconf 83' lang='grc'>51,</span> <span class='ocrx_word' id='word_1_208' title='bbox 1023 2889 1075 2954; x_wconf 89' lang='grc'>85.</span> <span class='ocrx_word' id='word_1_209' title='bbox 1099 2890 1150 2973; x_wconf 94' lang='grc'>25,</span> <span class='ocrx_word' id='word_1_210' title='bbox 1169 2890 1221 2954; x_wconf 89' lang='grc'>31.</span> <span class='ocrx_word' id='word_1_211' title='bbox 1244 2890 1296 2972; x_wconf 76' lang='grc'>27,</span> <span class='ocrx_word' id='word_1_212' title='bbox 1318 2889 1368 2953; x_wconf 94' lang='grc'>11.</span> 
     </span>
     <span class='ocr_line' id='line_1_25' title="bbox 254 2991 1369 3079; baseline 0 -21"><span class='ocrx_word' id='word_1_213' title='bbox 254 2995 307 3078; x_wconf 89' lang='grc'>32,</span> <span class='ocrx_word' id='word_1_214' title='bbox 320 2995 373 3079; x_wconf 95' lang='grc'>23,</span> <span class='ocrx_word' id='word_1_215' title='bbox 394 2994 533 3078; x_wconf 89' lang='lat' dir='ltr'>probare</span> <span class='ocrx_word' id='word_1_216' title='bbox 555 3012 618 3059; x_wconf 92' lang='lat' dir='ltr'>non</span> <span class='ocrx_word' id='word_1_217' title='bbox 632 2991 803 3078; x_wconf 90' lang='lat' dir='ltr'>possimus,</span> <span class='ocrx_word' id='word_1_218' title='bbox 827 2993 978 3076; x_wconf 92' lang='lat' dir='ltr'>quoniam</span> <span class='ocrx_word' id='word_1_219' title='bbox 991 2993 1075 3059; x_wconf 87' lang='lat' dir='ltr'>haec</span> <span class='ocrx_word' id='word_1_220' title='bbox 1097 3014 1150 3061; x_wconf 89' lang='lat' dir='ltr'>res</span> <span class='ocrx_word' id='word_1_221' title='bbox 1173 2995 1219 3059; x_wconf 89' lang='lat' dir='ltr'>ita</span> <span class='ocrx_word' id='word_1_222' title='bbox 1243 3000 1279 3059; x_wconf 92' lang='lat' dir='ltr'>ut</span> <span class='ocrx_word' id='word_1_223' title='bbox 1298 3013 1369 3060; x_wconf 90' lang='lat' dir='ltr'>cum</span> 
     </span>
     <span class='ocr_line' id='line_1_26' title="bbox 253 3098 1368 3191; baseline 0.001 -28"><span class='ocrx_word' id='word_1_224' title='bbox 253 3099 393 3165; x_wconf 84' lang='lat' dir='ltr'>maxime</span> <span class='ocrx_word' id='word_1_225' title='bbox 421 3099 455 3164; x_wconf 92' lang='lat' dir='ltr'>in</span> <span class='ocrx_word' id='word_1_226' title='bbox 484 3098 716 3191; x_wconf 89' lang='lat' dir='ltr'>dubitationem</span> <span class='ocrx_word' id='word_1_227' title='bbox 742 3102 921 3185; x_wconf 86' lang='lat' dir='ltr'>vocatur,¹)</span> <span class='ocrx_word' id='word_1_228' title='bbox 953 3100 1053 3166; x_wconf 86' lang='lat' dir='ltr'>liceat</span> <span class='ocrx_word' id='word_1_229' title='bbox 1081 3100 1196 3168; x_wconf 91' lang='lat' dir='ltr'>saltem</span> <span class='ocrx_word' id='word_1_230' title='bbox 1223 3100 1284 3166; x_wconf 91' lang='lat' dir='ltr'>hoc</span> <span class='ocrx_word' id='word_1_231' title='bbox 1305 3118 1368 3164; x_wconf 92' lang='lat' dir='ltr'>uuo</span> 
     </span>
     <span class='ocr_line' id='line_1_27' title="bbox 254 3204 1386 3293; baseline 0.002 -22"><span class='ocrx_word' id='word_1_232' title='bbox 254 3204 383 3289; x_wconf 91' lang='lat' dir='ltr'>quidem</span> <span class='ocrx_word' id='word_1_233' title='bbox 409 3206 480 3272; x_wconf 90' lang='lat' dir='ltr'>loeo</span> <span class='ocrx_word' id='word_1_234' title='bbox 509 3204 553 3271; x_wconf 92' lang='lat' dir='ltr'>ad</span> <span class='ocrx_word' id='word_1_235' title='bbox 581 3226 683 3291; x_wconf 85' lang='lat' dir='ltr'>genus</span> <span class='ocrx_word' id='word_1_236' title='bbox 710 3206 897 3274; x_wconf 86' lang='lat' dir='ltr'>historicum</span> <span class='ocrx_word' id='word_1_237' title='bbox 930 3208 1028 3293; x_wconf 90' lang='lat' dir='ltr'>idque</span> <span class='ocrx_word' id='word_1_238' title='bbox 1056 3206 1185 3291; x_wconf 90' lang='lat' dir='ltr'>quidem</span> <span class='ocrx_word' id='word_1_239' title='bbox 1214 3207 1386 3292; x_wconf 28' lang='lat' dir='ltr'>grandius*</span> 
     </span>
     <span class='ocr_line' id='line_1_28' title="bbox 254 3312 1370 3401; baseline 0 -22"><span class='ocrx_word' id='word_1_240' title='bbox 254 3312 427 3397; x_wconf 81' lang='lat' dir='ltr'>confugere</span> <span class='ocrx_word' id='word_1_241' title='bbox 464 3312 573 3397; x_wconf 90' lang='lat' dir='ltr'>ibique</span> <span class='ocrx_word' id='word_1_242' title='bbox 609 3313 700 3379; x_wconf 93' lang='lat' dir='ltr'>illum</span> <span class='ocrx_word' id='word_1_243' title='bbox 735 3335 829 3381; x_wconf 90' lang='lat' dir='ltr'>nsum</span> <span class='ocrx_word' id='word_1_244' title='bbox 865 3313 1097 3381; x_wconf 85' lang='lat' dir='ltr'>demonstrare.</span> <span class='ocrx_word' id='word_1_245' title='bbox 1156 3316 1262 3399; x_wconf 87' lang='lat' dir='ltr'>Atque</span> <span class='ocrx_word' id='word_1_246' title='bbox 1298 3314 1370 3401; x_wconf 91' lang='lat' dir='ltr'>pari</span> 
     </span>
     <span class='ocr_line' id='line_1_29' title="bbox 255 3419 1371 3509; baseline 0.002 -24"><span class='ocrx_word' id='word_1_247' title='bbox 255 3420 432 3504; x_wconf 89' lang='lat' dir='ltr'>eademqne</span> <span class='ocrx_word' id='word_1_248' title='bbox 459 3419 584 3487; x_wconf 89' lang='lat' dir='ltr'>ratione</span> <span class='ocrx_word' id='word_1_249' title='bbox 618 3420 682 3487; x_wconf 92' lang='lat' dir='ltr'>duo</span> <span class='ocrx_word' id='word_1_250' title='bbox 715 3422 890 3508; x_wconf 89' lang='lat' dir='ltr'>participia</span> <span class='ocrx_word' id='word_1_251' title='bbox 917 3420 1085 3507; x_wconf 87' lang='lat' dir='ltr'>particulis</span> <span class='ocrx_word' id='word_1_252' title='bbox 1117 3426 1236 3509; x_wconf 74' lang='grc' dir='ltr'>μὲν-δὲ</span> <span class='ocrx_word' id='word_1_253' title='bbox 1262 3423 1371 3488; x_wconf 89' lang='lat' dir='ltr'>iuncta</span> 
     </span>
     <span class='ocr_line' id='line_1_30' title="bbox 254 3528 1371 3616; baseline 0.001 -23"><span class='ocrx_word' id='word_1_254' title='bbox 254 3528 287 3593; x_wconf 95' lang='lat' dir='ltr'>in</span> <span class='ocrx_word' id='word_1_255' title='bbox 309 3528 505 3594; x_wconf 82' lang='lat' dir='ltr'>nominativo</span> <span class='ocrx_word' id='word_1_256' title='bbox 520 3529 668 3595; x_wconf 88' lang='lat' dir='ltr'>absolute</span> <span class='ocrx_word' id='word_1_257' title='bbox 690 3529 799 3614; x_wconf 87' lang='lat' dir='ltr'>posita</span> <span class='ocrx_word' id='word_1_258' title='bbox 823 3537 905 3615; x_wconf 90' lang='lat' dir='ltr'>sunt,</span> <span class='ocrx_word' id='word_1_259' title='bbox 929 3529 1044 3612; x_wconf 90' lang='lat' dir='ltr'>quibus</span> <span class='ocrx_word' id='word_1_260' title='bbox 1068 3529 1102 3593; x_wconf 91' lang='lat' dir='ltr'>in</span> <span class='ocrx_word' id='word_1_261' title='bbox 1119 3528 1249 3595; x_wconf 92' lang='lat' dir='ltr'>modum</span> <span class='ocrx_word' id='word_1_262' title='bbox 1272 3549 1371 3616; x_wconf 87' lang='lat' dir='ltr'>appo·</span> 
     </span>
     <span class='ocr_line' id='line_1_31' title="bbox 255 3633 1372 3724; baseline 0.001 -23"><span class='ocrx_word' id='word_1_263' title='bbox 255 3633 381 3702; x_wconf 86' lang='lat' dir='ltr'>sitionis</span> <span class='ocrx_word' id='word_1_264' title='bbox 395 3655 442 3712; x_wconf 86' lang='lat' dir='ltr'>ea,</span> <span class='ocrx_word' id='word_1_265' title='bbox 463 3655 546 3719; x_wconf 89' lang='lat' dir='ltr'>quae</span> <span class='ocrx_word' id='word_1_266' title='bbox 560 3633 766 3721; x_wconf 88' lang='lat' dir='ltr'>praecedunt,</span> <span class='ocrx_word' id='word_1_267' title='bbox 782 3636 990 3722; x_wconf 84' lang='lat' dir='ltr'>explicentur,</span> <span class='ocrx_word' id='word_1_268' title='bbox 1004 3636 1104 3701; x_wconf 83' lang='lat' dir='ltr'>Thue.</span> <span class='ocrx_word' id='word_1_269' title='bbox 1120 3637 1162 3721; x_wconf 90' lang='lat' dir='ltr'>II,</span> <span class='ocrx_word' id='word_1_270' title='bbox 1177 3637 1229 3721; x_wconf 90' lang='grc'>53,</span> <span class='ocrx_word' id='word_1_271' title='bbox 1251 3636 1305 3720; x_wconf 90' lang='lat' dir='ltr'>IV,</span> <span class='ocrx_word' id='word_1_272' title='bbox 1319 3638 1372 3724; x_wconf 82' lang='lat'>23,</span> 
     </span>
     <span class='ocr_line' id='line_1_32' title="bbox 257 3741 1371 3829; baseline 0 -22"><span class='ocrx_word' id='word_1_273' title='bbox 257 3743 334 3826; x_wconf 90' lang='grc'>106,</span> <span class='ocrx_word' id='word_1_274' title='bbox 356 3742 393 3827; x_wconf 94' lang='lat' dir='ltr'>V,</span> <span class='ocrx_word' id='word_1_275' title='bbox 418 3744 473 3827; x_wconf 78' lang='lat'>70,</span> <span class='ocrx_word' id='word_1_276' title='bbox 496 3742 571 3828; x_wconf 89' lang='lat' dir='ltr'>VH,</span> <span class='ocrx_word' id='word_1_277' title='bbox 596 3746 646 3810; x_wconf 75' lang='lat' dir='ltr'>io.</span> <span class='ocrx_word' id='word_1_278' title='bbox 691 3743 739 3807; x_wconf 85' lang='lat' dir='ltr'>Eo</span> <span class='ocrx_word' id='word_1_279' title='bbox 762 3742 868 3827; x_wconf 79' lang='lat' dir='ltr'>magis</span> <span class='ocrx_word' id='word_1_280' title='bbox 892 3763 932 3810; x_wconf 83' lang='lat' dir='ltr'>ex</span> <span class='ocrx_word' id='word_1_281' title='bbox 955 3750 1083 3809; x_wconf 90' lang='lat' dir='ltr'>oratore</span> <span class='ocrx_word' id='word_1_282' title='bbox 1106 3743 1178 3829; x_wconf 91' lang='lat' dir='ltr'>ipso</span> <span class='ocrx_word' id='word_1_283' title='bbox 1204 3741 1371 3808; x_wconf 85' lang='lat' dir='ltr'>confirma-</span> 
     </span>
     <span class='ocr_line' id='line_1_33' title="bbox 254 3849 1372 3935; baseline 0.008 -22"><span class='ocrx_word' id='word_1_284' title='bbox 254 3868 305 3933; x_wconf 68' lang='lat' dir='ltr'>tur</span> <span class='ocrx_word' id='word_1_285' title='bbox 328 3855 425 3932; x_wconf 89' lang='lat' dir='ltr'>atque</span> <span class='ocrx_word' id='word_1_286' title='bbox 451 3849 605 3935; x_wconf 88' lang='lat' dir='ltr'>probatur</span> <span class='ocrx_word' id='word_1_287' title='bbox 632 3849 800 3917; x_wconf 89' lang='lat' dir='ltr'>absolutus</span> <span class='ocrx_word' id='word_1_288' title='bbox 828 3849 1033 3917; x_wconf 84' lang='lat' dir='ltr'>aecusativus</span> <span class='ocrx_word' id='word_1_289' title='bbox 1061 3854 1081 3932; x_wconf 97' lang='lat'>5</span> <span class='ocrx_word' id='word_1_290' title='bbox 1106 3853 1149 3917; x_wconf 89' lang='grc'>80</span> <span class='ocrx_word' id='word_1_291' title='bbox 1176 3849 1222 3922; x_wconf 80' lang='grc' dir='ltr'>ὡς</span> <span class='ocrx_word' id='word_1_292' title='bbox 1250 3849 1372 3926; x_wconf 72' lang='grc' dir='ltr'>ἀξίους</span> 
     </span>
     <span class='ocr_line' id='line_1_34' title="bbox 255 3954 1371 4044; baseline 0 -22"><span class='ocrx_word' id='word_1_293' title='bbox 255 3956 472 4030; x_wconf 79' lang='grc' dir='ltr'>ὄντας-ταῖς</span> <span class='ocrx_word' id='word_1_294' title='bbox 486 3954 617 4030; x_wconf 70' lang='grc' dir='ltr'>αὐταῖς</span> <span class='ocrx_word' id='word_1_295' title='bbox 630 3995 683 4037; x_wconf 88' lang='grc'>-,</span> <span class='ocrx_word' id='word_1_296' title='bbox 707 3961 757 4044; x_wconf 87' lang='grc'>14,</span> <span class='ocrx_word' id='word_1_297' title='bbox 771 3960 814 4025; x_wconf 88' lang='grc'>33</span> <span class='ocrx_word' id='word_1_298' title='bbox 838 3958 884 4032; x_wconf 81' lang='grc' dir='ltr'>ὡς</span> <span class='ocrx_word' id='word_1_299' title='bbox 904 3970 969 4024; x_wconf 84' lang='grc' dir='ltr'>τῶν</span> <span class='ocrx_word' id='word_1_300' title='bbox 987 3956 1102 4025; x_wconf 72' lang='grc' dir='ltr'>αὐτῶν</span> <span class='ocrx_word' id='word_1_301' title='bbox 1115 3956 1221 4030; x_wconf 83' lang='grc' dir='ltr'>ὄντας</span> <span class='ocrx_word' id='word_1_302' title='bbox 1235 3956 1371 4038; x_wconf 78' lang='grc' dir='ltr'>ἀξίους,</span> 
     </span>
     <span class='ocr_line' id='line_1_35' title="bbox 254 4064 1371 4153; baseline 0 -23"><span class='ocrx_word' id='word_1_303' title='bbox 254 4064 403 4149; x_wconf 86' lang='lat' dir='ltr'>idemque</span> <span class='ocrx_word' id='word_1_304' title='bbox 426 4068 446 4147; x_wconf 86' lang='lat'>5</span> <span class='ocrx_word' id='word_1_305' title='bbox 472 4068 512 4132; x_wconf 89' lang='lat'>19</span> <span class='ocrx_word' id='word_1_306' title='bbox 536 4072 569 4131; x_wconf 88' lang='lat' dir='ltr'>et</span> <span class='ocrx_word' id='word_1_307' title='bbox 591 4066 643 4150; x_wconf 92' lang='grc'>25,</span> <span class='ocrx_word' id='word_1_308' title='bbox 670 4069 708 4132; x_wconf 92' lang='grc'>11</span> <span class='ocrx_word' id='word_1_309' title='bbox 738 4085 778 4131; x_wconf 83' lang='lat' dir='ltr'>ex</span> <span class='ocrx_word' id='word_1_310' title='bbox 800 4066 962 4132; x_wconf 89' lang='lat' dir='ltr'>iunctione</span> <span class='ocrx_word' id='word_1_311' title='bbox 985 4064 1113 4153; x_wconf 76' lang='grc' dir='ltr'>ἡγουμαι</span> <span class='ocrx_word' id='word_1_312' title='bbox 1135 4071 1294 4152; x_wconf 71' lang='grc' dir='ltr'>προαίρειν</span> <span class='ocrx_word' id='word_1_313' title='bbox 1318 4071 1371 4130; x_wconf 84' lang='grc' dir='ltr'>τινί</span> 
     </span>
     <span class='ocr_line' id='line_1_36' title="bbox 255 4170 1373 4258; baseline -0.001 -21"><span class='ocrx_word' id='word_1_314' title='bbox 255 4179 366 4258; x_wconf 72' lang='lat' dir='ltr'>aptus,</span> <span class='ocrx_word' id='word_1_315' title='bbox 391 4171 430 4238; x_wconf 84' lang='lat' dir='ltr'>cf.</span> <span class='ocrx_word' id='word_1_316' title='bbox 453 4175 474 4253; x_wconf 89' lang='lat'>5</span> <span class='ocrx_word' id='word_1_317' title='bbox 497 4174 528 4239; x_wconf 86' lang='lat'>3.</span> <span class='ocrx_word' id='word_1_318' title='bbox 555 4174 670 4257; x_wconf 89' lang='grc'>14,16.</span> <span class='ocrx_word' id='word_1_319' title='bbox 717 4174 817 4239; x_wconf 87' lang='lat' dir='ltr'>Porro</span> <span class='ocrx_word' id='word_1_320' title='bbox 840 4173 979 4240; x_wconf 89' lang='lat' dir='ltr'>mutatio</span> <span class='ocrx_word' id='word_1_321' title='bbox 1009 4171 1146 4240; x_wconf 89' lang='lat' dir='ltr'>subiecti</span> <span class='ocrx_word' id='word_1_322' title='bbox 1175 4192 1254 4239; x_wconf 88' lang='lat' dir='ltr'>sane</span> <span class='ocrx_word' id='word_1_323' title='bbox 1276 4170 1373 4258; x_wconf 85' lang='lat' dir='ltr'>paulo</span> 
     </span>
    </p>
   </div>
   <div class='ocr_carea' id='block_1_3' title="bbox 255 4333 466 4344">
    <p class='ocr_par' dir='ltr' id='par_1_3' title="bbox 255 4333 466 4344">
     <span class='ocr_line' id='line_1_37' title="bbox 255 4333 466 4344; baseline 0.005 -2"><span class='ocrx_word' id='word_1_324' title='bbox 255 4333 466 4344; x_wconf 69' lang='lat' dir='ltr'>-n-——-</span> 
     </span>
    </p>
   </div>
   <div class='ocr_carea' id='block_1_4' title="bbox 328 4401 786 4473">
    <p class='ocr_par' dir='ltr' id='par_1_4' title="bbox 328 4401 786 4473">
     <span class='ocr_line' id='line_1_38' title="bbox 328 4401 786 4473; baseline 0 -15"><span class='ocrx_word' id='word_1_325' title='bbox 328 4401 350 4469; x_wconf 78' lang='grc' dir='ltr'>1λ</span> <span class='ocrx_word' id='word_1_326' title='bbox 367 4402 407 4458; x_wconf 80' lang='lat' dir='ltr'>uf.</span> <span class='ocrx_word' id='word_1_327' title='bbox 426 4403 571 4458; x_wconf 83' lang='lat' dir='ltr'>Richterus</span> <span class='ocrx_word' id='word_1_328' title='bbox 588 4403 607 4457; x_wconf 84' lang='lat' dir='ltr'>L</span> <span class='ocrx_word' id='word_1_329' title='bbox 627 4402 644 4457; x_wconf 93' lang='lat' dir='ltr'>l.</span> <span class='ocrx_word' id='word_1_330' title='bbox 665 4421 692 4473; x_wconf 90' lang='lat' dir='ltr'>p.</span> <span class='ocrx_word' id='word_1_331' title='bbox 712 4404 746 4459; x_wconf 86' lang='grc'>36</span> <span class='ocrx_word' id='word_1_332' title='bbox 764 4420 786 4458; x_wconf 84' lang='lat' dir='ltr'>s.</span> 
     </span>
    </p>
   </div>
   <div class='ocr_carea' id='block_1_5' title="bbox 0 0 1567 4884">
    <p class='ocr_par' dir='ltr' id='par_1_5' title="bbox 0 0 1567 4884">
     <span class='ocr_line' id='line_1_39' title="bbox 0 0 1567 4884; baseline 0 0"><span class='ocrx_word' id='word_1_333' title='bbox 0 0 1567 4884; x_wconf 95' lang='lat' dir='ltr'> </span> 
     </span>
    </p>
   </div>
  </div>
 </body>
</html>
