3109 4884
773 337 814 400 12

237 528 281 591 At
303 533 338 593 ut
360 526 515 594 imitando
538 549 694 613 perquam
714 550 866 613 magnum
890 529 975 595 ellici
1002 550 1101 615 posse
1129 536 1227 613 atque
1255 530 1348 597 elfec-

239 640 304 700 tum
327 654 400 701 esse
422 634 536 718 negari
557 637 682 720 nequit,
713 636 759 701 ita
791 636 825 702 in
848 635 910 703 hac
938 636 1066 721 quidem
1098 635 1243 702 oratione
1272 636 1351 702 talis

238 742 346 826 opinio
368 760 500 827 prorsus
525 742 726 810 excludenda
749 750 808 810 est.
854 744 937 811 Nam
961 764 1017 811 cur
1032 743 1163 810 tandem
1178 744 1348 828 quisquam

237 849 271 914 in
302 849 446 914 oratione
478 848 731 916 demonstrativa
763 856 862 934 atque
894 850 1020 917 funebri
1062 869 1165 934 genus
1196 848 1348 915 iudiciale

237 955 437 1022 imitaretur?
482 957 564 1021 Tum
585 977 663 1023 vero
686 958 768 1024 inter
796 957 996 1043 epitaphium
1018 964 1051 1024 et
1079 964 1206 1024 ceteras
1227 957 1347 1041 Lysiae

238 1063 400 1129 orationes
422 1082 487 1128 non
509 1070 575 1129 tam
599 1064 750 1148 speciosa
772 1072 805 1129 et
828 1071 961 1130 externa
988 1063 1159 1131 intercedit
1180 1064 1348 1129 verborum

238 1168 412 1235 similitudo
436 1190 534 1253 quam
560 1170 693 1236 interior
722 1170 882 1254 quaedam
913 1171 1035 1254 ingenii
1068 1170 1218 1254 cognatio
1251 1176 1349 1254 atque

236 1275 450 1343 necessitudo.
487 1275 579 1353 Quae
601 1284 693 1343 tanta
716 1284 774 1362 est,
796 1284 832 1343 ut
854 1298 918 1344 non
937 1279 1040 1345 solum
1058 1278 1091 1343 in
1110 1277 1260 1343 universo
1275 1297 1347 1343 sen-

237 1383 409 1449 tentiarum
432 1403 550 1467 genere
573 1390 606 1449 et
629 1385 744 1469 colore,
769 1383 829 1451 sed
852 1385 949 1451 etiam
973 1384 1006 1451 in
1030 1384 1167 1468 singulis
1183 1382 1349 1467 cogitandi

238 1489 430 1573 dicendique
453 1490 619 1557 elementis
643 1499 838 1576 compareat.
883 1493 968 1560 Nam
989 1498 1025 1557 ut
1047 1491 1113 1559 iam
1134 1490 1222 1556 viam
1245 1490 1349 1576 ipsam

237 1595 387 1680 filumque
418 1596 507 1664 illius
541 1597 676 1664 rationis
711 1604 843 1667 nostrae
875 1597 1088 1664 illustrandae
1123 1617 1349 1683 proponamus,

238 1703 332 1786 quasi
354 1703 496 1770 universi
519 1704 639 1788 Lysiae
662 1704 791 1788 generis
818 1703 947 1770 dicendi
980 1704 1154 1788 imaginem
1186 1702 1350 1787 quandam

238 1809 410 1893 designare
432 1831 472 1877 ac
495 1810 670 1896 depingere
692 1811 836 1896 velimus,
859 1832 880 1877 a
902 1812 1054 1878 Lebeauo
1078 1811 1159 1879 satis
1183 1811 1284 1877 libere
1308 1831 1350 1877 ex

236 1916 372 1985 materia
387 1917 534 2003 omnium,
558 1938 641 2001 quae
655 1919 752 2001 vulgo
777 1918 938 2002 genuinae
959 1917 1125 2002 habentur,
1149 1917 1219 1984 eius
1233 1917 1350 1983 oratio

236 2045 312 2090 num
334 2062 376 2072 —
400 2023 622 2092 excludendae
645 2025 744 2109 igitur
767 2033 855 2111 sunt,
878 2024 920 2090 de
943 2045 1078 2108 quarum
1101 2025 1211 2110 spuria
1239 2023 1350 2090 indole

236 2132 270 2196 in
291 2131 407 2214 vulgus
431 2133 530 2198 terme
552 2153 610 2218 pro
634 2139 721 2199 certo
746 2138 821 2216 stat,
844 2131 1007 2198 orationes
1031 2132 1083 2217 VI,
1098 2131 1184 2215 VIII,
1206 2131 1262 2215 XI,
1285 2131 1350 2197 XX

239 2275 277 2285 -
304 2239 332 2305 si
355 2237 417 2304 hac
440 2238 649 2305 similitudine
673 2258 744 2305 oum
766 2239 893 2303 ratione
916 2238 1033 2303 utimur
1056 2243 1154 2321 atque
1176 2238 1274 2304 verbo
1302 2237 1349 2302 in-

237 2343 327 2411 vidia
349 2345 450 2431 abest,
474 2345 567 2429 quasi
589 2344 753 2429 quoddam
776 2345 964 2429 opusculum
986 2344 1188 2411 tessellatum
1211 2344 1350 2410 condere

239 2452 423 2518 conabimur
441 2451 698 2519 demonstrantes
717 2452 846 2536 singula
868 2453 1028 2518 elementa
1046 2472 1151 2518 rerum
1175 2453 1349 2518 sententia-

237 2579 370 2642 rumque
403 2558 558 2645 epitaphii
591 2565 754 2644 tamquam
786 2560 963 2626 tesserulae
1000 2558 1159 2642 quasdam
1195 2558 1229 2624 in
1264 2558 1350 2625 hanc

239 2667 380 2751 effigiem
403 2673 479 2752 apte
502 2667 601 2734 inseri
623 2687 721 2752 posse
744 2673 874 2751 tamque
888 2667 922 2732 in
943 2666 1049 2733 lineas
1065 2686 1161 2749 quam
1174 2665 1208 2730 in
1222 2666 1349 2732 colores
1393 2706 1396 2711 ,

241 2774 310 2841 eius
334 2773 465 2873 egregie
487 2772 656 2856 quadrare.
702 2772 772 2850 Quo
797 2780 905 2839 autem
927 2772 1110 2839 accuratius
1132 2772 1254 2857 Lysiae
1276 2791 1348 2857 pro

118 2896 122 2903 ·
238 2882 342 2967 priam
371 2886 521 2946 naturam
552 2900 701 2946 eruamus
733 2887 831 2964 atque
862 2880 955 2963 quasi
991 2879 1178 2947 circuitione
1209 2877 1350 2963 quadam

239 2987 545 3072 circumscribamus,
569 2987 667 3054 etiam
690 2987 773 3053 alios
798 2986 970 3072 scriptores
993 2986 1212 3072 imprimisque
1225 2987 1349 3052 Isocra-

239 3101 304 3160 tem
335 3091 472 3160 subinde
502 3113 637 3160 necesse
668 3093 729 3160 erit
759 3093 937 3179 respicere,
969 3094 1090 3180 quippe
1122 3094 1178 3177 qui
1206 3092 1350 3160 eiusdem

239 3200 357 3267 aetatis
380 3206 488 3267 orator
511 3207 543 3268 et
565 3201 661 3267 rebus
684 3206 717 3266 et
738 3201 846 3267 verbis
869 3200 913 3266 ad
940 3200 1025 3266 hunc
1051 3206 1195 3266 nostrum
1221 3200 1254 3264 in
1282 3199 1348 3285 epi-

239 3308 350 3394 taphio
374 3308 502 3391 quidem
526 3314 612 3374 certe
634 3308 779 3393 proxime
797 3307 942 3374 accedat
978 3307 1105 3373 Etenim
1123 3306 1176 3374 vel
1198 3306 1256 3371 illa
1273 3306 1349 3392 ipsa

239 3415 414 3501 peculiaris
437 3415 599 3500 quaestio,
625 3421 731 3481 uuum
758 3414 942 3501 epitaphius
972 3414 1078 3498 magis
1108 3412 1350 3498 compilatorem

238 3521 392 3589 Isocratis
414 3521 569 3607 redoleat,
591 3542 635 3588 an
656 3522 764 3607 potius
788 3521 993 3588 verisimilius
1017 3521 1060 3587 sit
1081 3520 1166 3586 hunc
1189 3525 1350 3585 oratorem

240 3629 438 3715 epitaphium
460 3628 670 3715 excerpsisse,
693 3628 756 3695 uisi
778 3629 838 3694 tali
860 3627 1064 3711 generaliore
1087 3647 1158 3693 oum
1184 3626 1241 3691 illo
1265 3644 1348 3691 oom-

238 3737 409 3823 paratione
432 3742 518 3803 certo
542 3735 713 3802 diiudicari
735 3756 800 3802 non
822 3741 938 3820 potest

307 3844 345 3908 ln
367 3842 591 3909 inventione
615 3841 781 3928 epitaphii,
803 3841 832 3908 si
854 3841 916 3908 hac
938 3840 1068 3907 notione
1083 3840 1182 3908 etiam
1194 3838 1349 3906 minutam

239 3971 344 4017 rerum
380 3970 420 4015 ao
462 3949 693 4016 sententiarum
737 3948 853 4015 silvam
887 3947 1158 4034 comprehendere
1193 3947 1349 4033 volumus,

240 4059 347 4142 imago
361 4057 483 4142 Lysiae
505 4063 541 4123 nt
562 4057 596 4121 in
610 4056 741 4142 speculo
755 4055 895 4121 fideliter
909 4054 1056 4122 cernitur.
1100 4053 1184 4122 Nam
1198 4053 1227 4119 si
1239 4074 1350 4120 verum

241 4171 304 4251 est,
329 4163 414 4249 quod
437 4163 567 4248 quidem
598 4162 739 4229 dubitari
760 4163 884 4248 nequit,
911 4183 976 4247 qua
1002 4161 1137 4245 quisque
1165 4161 1350 4228 situatum

241 4277 273 4338 et
295 4269 417 4356 indole,
440 4291 512 4336 eam
535 4290 606 4337 eum
628 4269 815 4354 inscriptis
844 4270 911 4337 suis
940 4268 1106 4336 declarare
1133 4289 1174 4335 ac
1204 4289 1284 4354 prae
1312 4288 1349 4334 se

242 4376 335 4462 serre,
356 4377 474 4463 Lysias
488 4377 522 4442 in
545 4376 743 4444 orationibus
766 4376 834 4443 suis
857 4375 1106 4444 illustrissimum
1119 4376 1229 4462 posuit
1250 4374 1349 4441 animi
