3109 4884
797 303 839 366 28

264 503 325 563 καὶ
348 501 421 582 πρὸς
443 498 510 570 τοὺς
533 499 701 582 βαρβάρους
722 503 784 562 καὶ
806 502 880 582 πρὸς
904 496 1155 584 τοὺςἝλλνγνας,
1183 499 1232 576 12,
1251 500 1291 564 78
1314 504 1374 564 καὶ

265 608 409 670 τοσοῦτον
431 608 491 668 καὶ
514 603 621 689 ἑτέρων
634 612 755 670 κακῶν
779 608 840 669 καὶ
863 601 1068 690 αἰοχρῶνκαὶ
1082 608 1175 670 πάλαι
1189 609 1250 670 καὶ
1272 610 1376 670 νεωστὶ

264 716 324 776 καὶ
347 719 457 797 μικρῶν
479 715 540 775 καὶ
563 713 701 797 μεγάλων
726 707 818 776 αἰτίου
840 717 1043 797 γεγενημένου.
1090 711 1134 777 Ut
1155 731 1231 777 vero
1256 731 1375 796 eorum,

265 837 348 902 quae
371 817 529 903 exposuit,
554 823 701 882 naturam
724 816 864 883 breviter
896 814 1072 902 describat,
1100 817 1189 882 nulla
1216 818 1376 902 particula

264 945 342 992 usus
364 931 472 991 orator
494 924 542 991 sic
565 922 739 990 concludit:
764 925 842 1005 §57
866 929 1044 1011 τοσαὺτην
1067 929 1300 1012 οωρροοὺνην
1322 930 1377 991 καὶ

264 1036 345 1106 δέος
368 1031 388 1120 ἡ
411 1037 523 1097 roduna
541 1031 632 1118 ἀρετὴ
652 1042 741 1096 πᾶσιν
761 1030 931 1116 ἀνθρώποις
944 1042 1093 1118 παρεῖχεν.
1118 1030 1160 1098 ὧν
1183 1029 1290 1098 ἕνεκα
1313 1032 1377 1118 δεῖ,

266 1142 316 1225 12,
331 1141 372 1206 84
387 1148 560 1205 τοσοῦτον
574 1137 594 1224 ἢ
608 1134 696 1225 ὑμῶν
718 1144 1011 1226 καταπεφρόνηκεν
1026 1136 1046 1224 ἢ
1061 1137 1170 1223 ἑτέροις
1184 1139 1374 1205 πεπίστευ-

263 1268 325 1312 κεν.
380 1244 427 1312 ὧν
469 1244 645 1334 ἀμφοτέρων
681 1239 782 1317 ἄξιον
827 1243 866 1311 cf.
903 1246 1002 1329 33,7
1049 1243 1096 1309 ὧν
1131 1244 1244 1310 ἕνεκα
1280 1244 1373 1319 ἐλπίς.

264 1352 331 1419 Sed
363 1352 462 1418 multo
494 1350 692 1435 frequentius
733 1351 766 1447 ip
807 1350 866 1416 tali
902 1350 1048 1436 proxima
1084 1350 1291 1417 adiunctione
1327 1359 1377 1420 est

264 1458 331 1526 ἀνθ’
353 1458 395 1525 ὧν
418 1462 439 1540 ξ
459 1460 510 1525 66.
557 1460 584 1543 1,
600 1459 651 1526 33.
680 1460 728 1543 12,
743 1458 795 1542 94,
819 1460 870 1525 96.
894 1460 945 1543 21,
959 1459 1011 1525 25.
1055 1457 1097 1524 Is.
1121 1459 1208 1537 1157
1233 1455 1304 1544 ὑπὲρ
1323 1457 1375 1526 ὧν.

263 1567 361 1632 Haud
383 1564 575 1632 mediocrem
597 1565 702 1631 locum
724 1565 757 1631 in
780 1564 901 1650 Lysiae
929 1564 1130 1650 expositione
1158 1570 1246 1631 tenet
1273 1564 1377 1650 figura

262 1672 321 1738 illa
343 1672 559 1752 subiectionis,
584 1692 648 1756 qua
670 1671 946 1756 illegravioribus
960 1672 1041 1738 locis
1054 1671 1292 1760 praecipucque
1316 1674 1375 1740 sub

263 1780 358 1845 finem
382 1777 510 1847 dicendi
534 1777 750 1845 dubitationes
774 1778 837 1845 sibi
865 1778 929 1863 ipsi
961 1778 1130 1864 oppositas
1161 1778 1280 1845 refellit
1307 1800 1375 1846 ora-

264 1886 445 1970 tionemque
482 1885 594 1952 incitat
632 1892 729 1969 atque
746 1884 749 1891 '
766 1891 872 1951 ornat:
910 1889 931 1967 ξ
965 1887 1015 1951 74.
1064 1888 1113 1971 10,
1146 1888 1198 1954 23.
1246 1889 1294 1972 12,
1323 1889 1375 1955 40.

265 1996 317 2079 24,
341 1995 393 2060 24.
449 1995 500 2078 30,
529 1995 581 2079 26,
609 1995 660 2061 27.
706 1994 757 2077 31,
790 1995 841 2077 24,
875 1993 926 2060 25.
980 1992 1093 2076 Neque
1124 2013 1200 2059 vero
1231 1993 1313 2060 haec
1343 1994 1376 2059 in

265 2098 429 2186 epitaphio
466 2099 570 2184 figura
615 2105 671 2165 aut
705 2120 764 2185 per
801 2119 837 2166 se
873 2105 943 2179 aut,
977 2098 1063 2182 quod
1095 2097 1224 2182 quidem
1255 2100 1374 2185 Lysiae

263 2208 402 2274 maxime
424 2206 587 2293 proprium
611 2212 674 2291 est,
696 2207 908 2272 membrorum
936 2206 1168 2289 aequabilitate
1196 2212 1227 2271 et
1253 2207 1374 2274 maiore

263 2334 393 2381 numero
417 2321 483 2380 tam
507 2313 681 2398 conspicua
704 2313 831 2379 videtur
854 2333 1042 2396 essequam
1065 2333 1123 2379 suo
1139 2313 1231 2397 quasi
1253 2313 1372 2379 vestitu

265 2421 426 2505 totiusque
448 2420 536 2487 illius
558 2420 621 2486 loci
644 2419 706 2485 hac
730 2420 839 2505 specie
868 2440 906 2486 ac
939 2419 1055 2486 forma:
1087 2429 1163 2493 πῶς
1190 2419 1214 2485 δ’
1244 2417 1376 2495 αὖτοὺς

264 2534 335 2616 χρὴ
358 2526 445 2617 λῆξαι
472 2540 526 2615 τῆς
555 2531 666 2615 torpe
694 2526 935 2613 πότερον-ἀλλὰ
959 2525 1113 2614 (quater)·
1147 2525 1235 2593 ὅταν
1266 2526 1376 2613 ὁρῶσι

264 2638 348 2709 τοὺς
369 2636 541 2723 μὲν-τοὺς
561 2637 606 2710 δέ,
631 2636 682 2713 28,
707 2636 727 2700 2
749 2644 822 2708 πῶς
846 2630 966 2707 αὐτοῖς
990 2639 1060 2722 χρὴ
1085 2639 1262 2721 οογγνὼρην
1285 2634 1374 2722 ἔχειν,

264 2742 349 2809 ὅταν
371 2740 483 2827 ὁρᾶτε
506 2745 571 2814 τὰς
595 2742 886 2827 μὲν-τοὺτοοςδέ.
911 2739 1081 2807 Tumvero
1107 2740 1220 2808 eodem
1235 2740 1375 2807 illolooo

264 2849 367 2914 oratio
378 2848 580 2915 continuatur
589 2846 783 2931 gravissima
790 2847 959 2913 verborum
973 2846 1188 2934 adiunctione,
1204 2868 1269 2933 qua
1283 2848 1376 2932 quasi

264 2955 312 3021 sic
325 2954 452 3022 demum
465 2974 543 3021 vera
557 2954 724 3039 responsio
739 2953 783 3019 ad
797 2973 845 3039 ea,
869 2974 952 3037 quae
966 2953 1180 3041 praecedunt,
1196 2955 1374 3021 inchoatur:

265 3065 285 3143 ἓ
310 3065 352 3129 75
376 3069 471 3149 μόνην
494 3059 520 3127 δ’
543 3061 585 3128 ἄν
610 3085 667 3149 μοι
693 3063 872 3149 δοκοῦμεν
887 3096 902 3109 -
917 3060 1079 3128 ἀποδοῦναι
1105 3069 1207 3149 χάριν,
1235 3069 1268 3129 ct
1295 3062 1375 3128 hacc

263 3170 336 3254 ipsa
359 3168 441 3235 ratio
463 3168 568 3234 locum
590 3167 687 3234 habet
709 3175 785 3253 post
808 3168 1038 3235 subiectionem
1064 3172 1114 3249 12,
1137 3171 1182 3235 40
1206 3181 1264 3234 πᾶν
1288 3166 1314 3234 δ’
1338 3168 1376 3236 ἄν

266 3298 326 3363 μοι
349 3277 447 3360 δοκεῖ
469 3277 632 3362 τολμῆσαι,
657 3272 695 3341 cf.
722 3277 770 3361 12,
795 3278 815 3341 2
838 3272 1010 3342 τούναντίον
1038 3276 1074 3339 δέ
1101 3298 1160 3362 μοι
1187 3278 1374 3363 δοκοῦμεν.

263 3383 336 3449 Jam
359 3402 435 3448 vero
458 3382 492 3448 in
515 3381 684 3448 affectibus
708 3382 946 3449 commovendis
974 3387 1071 3466 atque
1099 3382 1375 3449 commiseratione

264 3488 458 3575 proferenda
488 3489 605 3575 Lysias
637 3487 725 3555 haud
761 3488 933 3556 mediocris
965 3489 1082 3556 artifex
1114 3488 1282 3557 habendus
1315 3496 1375 3557 est.

265 3596 344 3662 Cum
367 3601 474 3663 autem
495 3597 601 3680 magis
624 3597 694 3663 eius
707 3597 871 3682 proprium
885 3596 927 3662 sit
950 3596 983 3661 in
1003 3595 1044 3662 iis
1063 3595 1231 3665 affectibus
1243 3596 1376 3681 versari,

265 3702 381 3786 quibus
417 3702 516 3768 animi
550 3702 712 3769 hominum
743 3702 932 3786 mitigantur
964 3700 1085 3790 (ἦθος),
1127 3724 1224 3788 quam
1259 3702 1292 3766 in
1325 3701 1375 3788 iis,

268 3809 384 3894 quibus
408 3810 607 3876 concitantur
629 3808 768 3897 (πάθος),
794 3809 897 3876 oratio
920 3809 993 3894 ipsa
1015 3809 1049 3875 in
1075 3810 1137 3877 hac
1158 3830 1194 3876 re
1215 3808 1303 3876 mitis
1326 3817 1377 3876 est

266 3937 306 3982 ac
328 3915 456 4002 placide
479 3915 548 3982 fluit
575 3936 679 4001 neque
707 3915 804 3982 facile
831 3916 865 3981 in
891 3916 1158 4001 interrogationes
1185 3923 1242 3982 aut
1269 3916 1374 3983 excla—

265 4023 423 4090 mationes
447 4044 483 4089 se
498 4022 625 4088 attollit.
671 4021 763 4100 Quae
782 4023 911 4107 quidem
933 4024 1161 4091 sententiarum
1175 4022 1298 4107 figurae
1314 4023 1375 4090 etsi

264 4129 298 4195 in
322 4130 485 4216 epitaphio
508 4129 580 4215 ipso
603 4129 759 4216 potiorem
783 4130 943 4216 quendam
965 4131 1070 4196 locum
1083 4150 1242 4217 occupare
1264 4128 1374 4197 viden-

265 4243 330 4322 tur,
352 4243 461 4303 tamen
484 4236 525 4303 de
547 4237 611 4303 hac
638 4258 673 4304 re
703 4258 775 4305 cum
803 4238 958 4304 orationis
986 4257 1104 4321 genere
1132 4244 1231 4322 atque
1258 4243 1374 4303 natura

266 4342 347 4409 satis
371 4350 574 4431 excusentur,
607 4352 674 4410 tum
707 4365 817 4413 omnes
846 4364 1022 4428 sanequam
1055 4344 1211 4432 exemplis
1243 4342 1374 4433 probari
