3109 4884
785 361 806 420 4

236 550 333 634 plane
360 550 395 616 in
420 550 639 618 controversia
665 558 821 619 uersatur.
866 552 950 620 Nam
976 550 1181 619 manifestum
1214 514 1265 619 cst
1292 560 1349 620 aut

236 657 413 724 Isocratem
444 658 477 722 in
504 657 566 723 hac
597 678 658 724 sua
687 658 836 725 oratione
862 658 1083 744 componenda
1115 679 1155 724 ex
1183 659 1348 745 epitaphio

236 771 345 830 nostro
368 764 518 833 hausisse
541 772 597 831 aut
619 765 714 832 huius
729 773 901 849 auctorem,
925 765 1071 848 quisquis
1094 773 1152 851 est,
1175 767 1348 850 panegyri-

237 891 309 937 cum
323 872 532 957 excerpsisse,
556 873 617 938 nisi
632 872 715 937 forte
729 879 880 957 putamus
895 879 1062 955 utrumque
1075 880 1235 939 oratorem
1253 873 1347 940 unius

237 984 269 1043 et
292 978 436 1045 eiusdem
458 978 543 1045 alius
567 979 731 1064 scriptoris
754 980 873 1047 scrinia
897 979 1132 1064 compilavisse.
1168 980 1283 1064 Itaque
1307 1001 1347 1047 ex

236 1084 298 1150 hac
320 1105 447 1169 quoque
469 1085 565 1152 huius
587 1086 788 1168 quaestionis
805 1086 1017 1170 ambiguitate
1041 1085 1085 1151 ad
1107 1106 1200 1153 suum
1221 1087 1348 1170 utrique

236 1198 414 1259 sectatores
437 1191 645 1277 commodum,
667 1199 764 1278 prout
786 1192 828 1260 de
851 1193 1018 1278 epitaphio
1042 1193 1193 1277 sentiunt,
1217 1194 1349 1278 capiunt

235 1299 380 1367 fructum.
427 1299 545 1364 Contra
567 1299 672 1366 minus
695 1300 818 1365 incerta
841 1306 874 1366 et
896 1301 1033 1367 obscura
1056 1308 1107 1366 est
1128 1299 1345 1384 necessitudo,

236 1426 330 1489 quam
345 1405 465 1490 Lysiae
484 1405 668 1491 epitaphius
692 1426 763 1471 cum
786 1406 932 1473 eiusdem
946 1407 1083 1474 oratoris
1099 1407 1218 1473 erotico
1241 1407 1347 1473 habet.

237 1512 316 1577 Cum
339 1512 421 1578 onim
445 1511 487 1578 de
508 1511 849 1579 huiusoratiunculae
873 1513 997 1597 origine
1011 1514 1154 1598 Lysiaca
1176 1513 1242 1579 iam
1266 1514 1347 1579 satis

236 1624 323 1686 certe
337 1625 485 1685 constare
498 1618 655 1705 videatur,
662 1617 686 1707 ¹)
711 1619 862 1704 quoniam
884 1619 928 1685 ad
947 1640 1049 1703 genus
1064 1620 1346 1687 demonstrativum
1434 1642 1444 1657 ·

235 1746 336 1811 prope
364 1726 500 1811 accedit,¹
531 1726 649 1812 optimo
681 1726 750 1792 iure
784 1747 824 1792 ex
852 1726 922 1792 eius
951 1727 1182 1812 compositione
1214 1727 1348 1795 deiide

236 1830 393 1918 epitaphii
414 1833 599 1899 ratiocinari
623 1832 785 1900 debemus.
831 1833 925 1899 Certe
947 1833 1010 1899 hac
1029 1835 1190 1901 orationes
1209 1834 1346 1900 invicem

236 1939 297 2006 sibi
319 1939 453 2025 Lysiam
476 1946 638 2006 auctorem
661 1940 797 2006 fulciunt
819 1947 917 2025 atque
939 1947 1082 2027 tuentur,
1106 1940 1265 2025 siquidem
1288 1940 1346 2007 ali-

236 2067 344 2133 quam,
377 2067 595 2130 quaecumquc
629 2047 684 2127 sit,
716 2048 871 2114 maiorem
904 2047 1144 2115 similitudinem
1175 2048 1258 2114 inter
1290 2068 1348 2115 eas

234 2152 434 2220 intercedere
462 2152 588 2219 ostendi
614 2160 731 2239 potest.
777 2153 844 2220 Sed
870 2160 942 2219 utut
969 2155 1081 2220 erotioi
1108 2154 1238 2238 quidem
1264 2157 1347 2220 ratio

237 2260 393 2345 sehabet,
416 2260 562 2343 quamvis
586 2259 627 2325 de
641 2260 778 2326 veritate
793 2267 1060 2347 argumentorum,
1084 2281 1167 2345 quae
1191 2261 1347 2347 imprimis

234 2369 403 2434 Lebeauus
437 2388 478 2433 ex
505 2365 651 2432 omnibus
684 2366 750 2433 illis
780 2366 909 2453 scriptis
941 2366 985 2432 ad
1013 2368 1212 2453 epitaphium
1239 2368 1347 2454 defen-

235 2473 374 2541 dendum
397 2474 516 2559 attulit,
538 2472 616 2538 mihi
638 2472 703 2559 ipsi
724 2493 916 2558 persuasum
940 2475 993 2562 sit,
1018 2482 1127 2542 tamen
1150 2475 1291 2541 concedo
1314 2476 1348 2540 in

235 2581 276 2648 iis
308 2580 471 2664 acquiesci
502 2600 566 2645 non
593 2600 701 2666 posse,
732 2581 809 2664 quia
842 2602 906 2647 non
937 2581 970 2647 in
1003 2582 1219 2648 fundamentis
1251 2583 1348 2668 plane

234 2688 335 2754 firmis
357 2688 474 2774 posita,
498 2693 583 2753 certe
606 2707 670 2752 non
693 2687 740 2752 ita
762 2688 886 2753 munita
910 2695 993 2774 sunt,
1016 2694 1137 2754 utnon
1160 2689 1347 2755 adversario

236 2816 276 2861 ex
299 2795 409 2879 aliqua
431 2800 524 2881 parte
545 2794 632 2860 latus
655 2795 842 2879 praebeant.
887 2796 987 2860 Immo
1006 2816 1083 2863 vero
1108 2797 1189 2863 satis
1212 2802 1348 2882 apparet

235 2903 293 2969 illa
317 2903 438 2988 scripta
459 2901 578 2987 partim
605 2901 679 2986 ipsa
702 2901 976 2969 confirmationem
1005 2923 1083 2969 suae
1111 2903 1189 2971 fidei
1212 2903 1348 2969 auctori-

236 3010 378 3094 tatisque
401 3008 624 3075 desideratore
646 3029 750 3092 neque
774 3029 847 3075 eam
868 3009 933 3076 nisi
954 3009 1049 3077 huius
1072 3011 1176 3096 ipsius
1192 3010 1347 3076 orationis

236 3138 390 3201 germana
412 3115 536 3200 origine
559 3115 689 3182 aliunde
710 3115 931 3183 demonstrata
953 3117 1091 3202 adipisci
1113 3116 1344 3202 possevideri.

236 3226 350 3311 Itaque
377 3229 570 3290 momentum
602 3243 642 3290 ac
669 3222 911 3290 fundamentum
940 3223 1138 3306 quaestionis
1170 3222 1214 3287 ad
1246 3242 1348 3306 genus

237 3331 366 3400 dicendi
388 3330 596 3397 iudicandum
620 3331 958 3416 comparationemque
985 3329 1068 3395 inter
1091 3328 1289 3415 epitaphium
1317 3337 1349 3396 et

237 3445 362 3505 ceteras
384 3438 505 3524 Lysiae
533 3437 695 3505 orationes
724 3437 882 3521 genuinas
910 3436 1092 3503 faciendam
1120 3436 1348 3504 videturesse

236 3545 501 3614 transferendum
545 3545 589 3609 At
614 3544 648 3609 in
670 3545 733 3609 hac
759 3564 795 3610 re
818 3543 979 3610 dissensio
1007 3543 1104 3611 etiam
1130 3543 1233 3610 maior
1261 3543 1348 3608 facta

237 3652 518 3736 controversiaque
531 3651 636 3735 magis
655 3656 794 3716 exacuta
807 3656 866 3717 est.
892 3651 934 3715 ut
946 3651 1090 3736 profecto
1105 3649 1347 3736 compositionis

237 3760 367 3845 quidem
395 3779 520 3843 quoque
552 3758 586 3823 in
615 3756 780 3844 epitaphio
811 3763 928 3823 natura
958 3758 993 3823 in
1023 3759 1206 3825 universum
1237 3762 1348 3822 tantae

238 3866 457 3950 ambiguitatis
481 3864 777 3951 speciempraebet
801 3870 836 3929 ut
858 3863 910 3930 hic
932 3885 996 3930 non
1011 3866 1192 3949 sagacitate
1215 3863 1345 3930 investi·

238 3974 355 4058 gantis,
381 3972 439 4039 sed
456 3972 653 4040 divinatione
667 3971 873 4038 vaticinantis
889 3991 970 4058 opus
986 3993 1059 4040 esse
1072 3970 1246 4038 videatur·
1265 3972 1349 4040 Nam

238 4101 431 4165 quamquam
458 4079 629 4146 Lebeauus
657 4079 882 4165 Hoclscheri2)
915 4078 1167 4146 dubitationibus
1200 4078 1347 4146 refutatis

238 4208 277 4254 ao
292 4187 402 4254 dilutis
425 4188 496 4273 ipse
518 4186 552 4253 in
574 4186 637 4252 hac
650 4207 777 4271 quoque
799 4208 835 4254 re
857 4193 981 4253 tantum
1000 4186 1163 4272 praestit't
1186 4193 1218 4253 et
1233 4186 1348 4272 effecit,

311 4329 332 4397 ¹)
351 4330 391 4385 uf.
411 4329 531 4386 Blassius
549 4329 568 4383 l.
587 4329 606 4384 l.
625 4348 651 4399 p.
665 4330 718 4384 416
736 4347 756 4383 s.

311 4416 332 4487 ¹)
351 4418 391 4473 De
409 4420 468 4475 vita
486 4423 515 4475 et
532 4418 640 4488 scriptis
658 4418 756 4488 Lysiae
773 4436 800 4487 p.
819 4419 932 4474 48-54,
