<?xml version="1.0" encoding="UTF-8"?>
<!DOCTYPE html PUBLIC "-//W3C//DTD XHTML 1.0 Transitional//EN"
    "http://www.w3.org/TR/xhtml1/DTD/xhtml1-transitional.dtd">
<html xmlns="http://www.w3.org/1999/xhtml" xml:lang="en" lang="en">
 <head>
  <title>
</title>
<meta http-equiv="Content-Type" content="text/html;charset=utf-8" />
  <meta name='ocr-system' content='tesseract 3.04.00' />
  <meta name='ocr-capabilities' content='ocr_page ocr_carea ocr_par ocr_line ocrx_word'/>
</head>
<body>
  <div class='ocr_page' id='page_1' title='image "./delysiaeepitaph00thomgoog_0039.png"; bbox 0 0 3109 4884; ppageno 0'>
   <div class='ocr_carea' id='block_1_1' title="bbox 725 366 767 431">
    <p class='ocr_par' dir='ltr' id='par_1_1' title="bbox 725 366 767 431">
     <span class='ocr_line' id='line_1_1' title="bbox 725 366 767 431; baseline 0.048 -2"><span class='ocrx_word' id='word_1_1' title='bbox 725 366 767 431; x_wconf 90' lang='grc'><strong>29</strong></span> 
     </span>
    </p>
   </div>
   <div class='ocr_carea' id='block_1_2' title="bbox 190 559 1307 2678">
    <p class='ocr_par' dir='ltr' id='par_1_2' title="bbox 190 559 1307 2678">
     <span class='ocr_line' id='line_1_2' title="bbox 190 559 1306 652; baseline -0.003 -20"><span class='ocrx_word' id='word_1_2' title='bbox 190 570 333 652; x_wconf 78' lang='lat' dir='ltr'>possunt.</span> <span class='ocrx_word' id='word_1_3' title='bbox 378 562 426 627; x_wconf 86' lang='lat' dir='ltr'><strong>Ao</strong></span> <span class='ocrx_word' id='word_1_4' title='bbox 453 559 588 646; x_wconf 93' lang='lat' dir='ltr'><strong>primum</strong></span> <span class='ocrx_word' id='word_1_5' title='bbox 618 559 855 625; x_wconf 80' lang='lat' dir='ltr'>conclusionem</span> <span class='ocrx_word' id='word_1_6' title='bbox 883 559 1045 642; x_wconf 86' lang='lat' dir='ltr'><strong>quandam</strong></span> <span class='ocrx_word' id='word_1_7' title='bbox 1077 560 1193 646; x_wconf 83' lang='lat' dir='ltr'><strong>exiis,</strong></span> <span class='ocrx_word' id='word_1_8' title='bbox 1223 583 1306 646; x_wconf 87' lang='lat' dir='ltr'><strong>quae</strong></span> 
     </span>
     <span class='ocr_line' id='line_1_3' title="bbox 192 667 1306 758; baseline 0.002 -20"><span class='ocrx_word' id='word_1_9' title='bbox 192 671 399 758; x_wconf 81' lang='lat' dir='ltr'><strong>praecedunt,</strong></span> <span class='ocrx_word' id='word_1_10' title='bbox 424 667 547 734; x_wconf 85' lang='lat' dir='ltr'><strong>faoiunt</strong></span> <span class='ocrx_word' id='word_1_11' title='bbox 570 667 839 751; x_wconf 81' lang='lat' dir='ltr'><strong>interrogationes</strong></span> <span class='ocrx_word' id='word_1_12' title='bbox 854 667 1092 752; x_wconf 77' lang='lat' dir='ltr'><strong>comparativus</strong></span> <span class='ocrx_word' id='word_1_13' title='bbox 1107 671 1306 741; x_wconf 75' lang='lat' dir='ltr'><strong>continentes</strong></span> 
     </span>
     <span class='ocr_line' id='line_1_4' title="bbox 193 773 1307 860; baseline 0.001 -14"><span class='ocrx_word' id='word_1_14' title='bbox 193 783 212 860; x_wconf 69' lang='grc' dir='ltr'>ξ</span> <span class='ocrx_word' id='word_1_15' title='bbox 239 783 278 846; x_wconf 79' lang='grc'><strong>76</strong></span> <span class='ocrx_word' id='word_1_16' title='bbox 303 774 579 850; x_wconf 72' lang='grc' dir='ltr'>τίνας-τίνας-οἵ,</span> <span class='ocrx_word' id='word_1_17' title='bbox 603 776 654 859; x_wconf 84' lang='lat'><strong>30,</strong></span> <span class='ocrx_word' id='word_1_18' title='bbox 679 777 721 839; x_wconf 81' lang='grc'><strong>24</strong></span> <span class='ocrx_word' id='word_1_19' title='bbox 744 773 945 848; x_wconf 77' lang='grc' dir='ltr'>τίς-τίς-ὅς.</span> <span class='ocrx_word' id='word_1_20' title='bbox 991 775 1109 842; x_wconf 82' lang='lat' dir='ltr'><strong>Nescio</strong></span> <span class='ocrx_word' id='word_1_21' title='bbox 1133 784 1241 845; x_wconf 87' lang='lat' dir='ltr'><strong>autem</strong></span> <span class='ocrx_word' id='word_1_22' title='bbox 1264 801 1307 847; x_wconf 89' lang='lat' dir='ltr'><strong>an</strong></span> 
     </span>
     <span class='ocr_line' id='line_1_5' title="bbox 192 881 1306 970; baseline 0 -18"><span class='ocrx_word' id='word_1_23' title='bbox 192 885 374 970; x_wconf 81' lang='lat' dir='ltr'><strong>singulares</strong></span> <span class='ocrx_word' id='word_1_24' title='bbox 404 882 468 949; x_wconf 91' lang='lat' dir='ltr'><strong>sint</strong></span> <span class='ocrx_word' id='word_1_25' title='bbox 498 882 531 946; x_wconf 93' lang='lat' dir='ltr'><strong>in</strong></span> <span class='ocrx_word' id='word_1_26' title='bbox 562 881 663 966; x_wconf 88' lang='lat' dir='ltr'><strong>Lysia</strong></span> <span class='ocrx_word' id='word_1_27' title='bbox 696 881 948 948; x_wconf 75' lang='lat' dir='ltr'><strong>exclamationes</strong></span> <span class='ocrx_word' id='word_1_28' title='bbox 981 883 1028 948; x_wconf 90' lang='lat' dir='ltr'><strong>sio</strong></span> <span class='ocrx_word' id='word_1_29' title='bbox 1061 883 1183 950; x_wconf 87' lang='lat' dir='ltr'><strong>elatae:</strong></span> <span class='ocrx_word' id='word_1_30' title='bbox 1218 890 1306 968; x_wconf 71' lang='lat'><strong>§35</strong></span> 
     </span>
     <span class='ocr_line' id='line_1_6' title="bbox 191 986 1307 1079; baseline 0.001 -21"><span class='ocrx_word' id='word_1_31' title='bbox 191 994 296 1058; x_wconf 83' lang='grc' dir='ltr'>ποίαν</span> <span class='ocrx_word' id='word_1_32' title='bbox 311 994 342 1056; x_wconf 80' lang='grc' dir='ltr'><strong>δὲ</strong></span> <span class='ocrx_word' id='word_1_33' title='bbox 353 996 494 1077; x_wconf 79' lang='grc' dir='ltr'>γνώμην</span> <span class='ocrx_word' id='word_1_34' title='bbox 510 988 611 1076; x_wconf 79' lang='grc' dir='ltr'>εἶχον</span> <span class='ocrx_word' id='word_1_35' title='bbox 628 986 710 1074; x_wconf 72' lang='grc' dir='ltr'>οῑ-’ὴ</span> <span class='ocrx_word' id='word_1_36' title='bbox 724 987 755 1052; x_wconf 85' lang='grc' dir='ltr'><strong>οἱ</strong></span> <span class='ocrx_word' id='word_1_37' title='bbox 770 990 933 1075; x_wconf 68' lang='grc' dir='ltr'>μέλλοντες</span> <span class='ocrx_word' id='word_1_38' title='bbox 947 998 1152 1078; x_wconf 74' lang='grc' dir='ltr'>ναυμαχήσειν</span> <span class='ocrx_word' id='word_1_39' title='bbox 1167 989 1237 1079; x_wconf 79' lang='grc' dir='ltr'>ὑπὲρ</span> <span class='ocrx_word' id='word_1_40' title='bbox 1252 1008 1307 1078; x_wconf 74' lang='grc' dir='ltr'><strong>τῆς</strong></span> 
     </span>
     <span class='ocr_line' id='line_1_7' title="bbox 193 1093 1307 1188; baseline 0.001 -24"><span class='ocrx_word' id='word_1_41' title='bbox 193 1103 425 1187; x_wconf 69' lang='grc' dir='ltr'>φιλότητος-ς</span> <span class='ocrx_word' id='word_1_42' title='bbox 445 1094 511 1172; x_wconf 81' lang='grc' dir='ltr'>οἷς,</span> <span class='ocrx_word' id='word_1_43' title='bbox 535 1097 637 1173; x_wconf 78' lang='grc'>13,46</span> <span class='ocrx_word' id='word_1_44' title='bbox 661 1093 723 1167; x_wconf 78' lang='grc' dir='ltr'><strong>οὓς</strong></span> <span class='ocrx_word' id='word_1_45' title='bbox 745 1095 852 1161; x_wconf 77' lang='grc' dir='ltr'>ποίαν</span> <span class='ocrx_word' id='word_1_46' title='bbox 871 1099 936 1160; x_wconf 81' lang='grc' dir='ltr'>τινὰ</span> <span class='ocrx_word' id='word_1_47' title='bbox 955 1096 1056 1161; x_wconf 75' lang='grc' dir='ltr'>οἴεσθε</span> <span class='ocrx_word' id='word_1_48' title='bbox 1078 1104 1219 1187; x_wconf 73' lang='grc' dir='ltr'>γνώμην</span> <span class='ocrx_word' id='word_1_49' title='bbox 1242 1107 1307 1188; x_wconf 81' lang='grc' dir='ltr'>περὶ</span> 
     </span>
     <span class='ocr_line' id='line_1_8' title="bbox 192 1201 1306 1294; baseline 0.004 -24"><span class='ocrx_word' id='word_1_50' title='bbox 192 1209 294 1270; x_wconf 75' lang='grc' dir='ltr'>τοὺτου</span> <span class='ocrx_word' id='word_1_51' title='bbox 308 1207 406 1292; x_wconf 81' lang='grc' dir='ltr'>ἔχειν</span> <span class='ocrx_word' id='word_1_52' title='bbox 421 1202 440 1290; x_wconf 81' lang='grc' dir='ltr'>ἢ</span> <span class='ocrx_word' id='word_1_53' title='bbox 456 1201 853 1288; x_wconf 72' lang='grc' dir='ltr'>ποίαν-ἀποστερηθέντας</span> <span class='ocrx_word' id='word_1_54' title='bbox 871 1205 917 1266; x_wconf 80' lang='grc' dir='ltr'><strong>διὰ</strong></span> <span class='ocrx_word' id='word_1_55' title='bbox 937 1212 1043 1270; x_wconf 82' lang='grc' dir='ltr'>τοῦτον</span> <span class='ocrx_word' id='word_1_56' title='bbox 1058 1214 1118 1272; x_wconf 84' lang='grc' dir='ltr'><strong>τῶν</strong></span> <span class='ocrx_word' id='word_1_57' title='bbox 1134 1204 1306 1294; x_wconf 56' lang='lat' dir='ltr'><strong>niteram</strong></span> 
     </span>
     <span class='ocr_line' id='line_1_9' title="bbox 192 1308 1307 1400; baseline 0.004 -23"><span class='ocrx_word' id='word_1_58' title='bbox 192 1310 231 1377; x_wconf 80' lang='lat' dir='ltr'><strong>ei,</strong></span> <span class='ocrx_word' id='word_1_59' title='bbox 242 1315 294 1396; x_wconf 85' lang='grc'><strong>29,</strong></span> <span class='ocrx_word' id='word_1_60' title='bbox 303 1315 332 1395; x_wconf 80' lang='grc'><strong>2,</strong></span> <span class='ocrx_word' id='word_1_61' title='bbox 342 1316 372 1396; x_wconf 81' lang='lat'><strong>3,</strong></span> <span class='ocrx_word' id='word_1_62' title='bbox 383 1315 412 1377; x_wconf 83' lang='lat'><strong>7.</strong></span> <span class='ocrx_word' id='word_1_63' title='bbox 427 1308 490 1376; x_wconf 82' lang='lat' dir='ltr'><strong>Sed</strong></span> <span class='ocrx_word' id='word_1_64' title='bbox 506 1309 602 1375; x_wconf 88' lang='lat' dir='ltr'><strong>etiam</strong></span> <span class='ocrx_word' id='word_1_65' title='bbox 617 1309 756 1375; x_wconf 87' lang='lat' dir='ltr'><strong>maiores</strong></span> <span class='ocrx_word' id='word_1_66' title='bbox 771 1308 872 1375; x_wconf 89' lang='lat' dir='ltr'><strong>series</strong></span> <span class='ocrx_word' id='word_1_67' title='bbox 887 1309 1174 1395; x_wconf 81' lang='lat' dir='ltr'><strong>interrogationum</strong></span> <span class='ocrx_word' id='word_1_68' title='bbox 1189 1316 1307 1400; x_wconf 89' lang='lat' dir='ltr'><strong>partim</strong></span> 
     </span>
     <span class='ocr_line' id='line_1_10' title="bbox 192 1416 1306 1507; baseline 0.005 -24"><span class='ocrx_word' id='word_1_69' title='bbox 192 1417 456 1484; x_wconf 86' lang='lat' dir='ltr'><strong>disiunotivarum</strong></span> <span class='ocrx_word' id='word_1_70' title='bbox 470 1416 687 1482; x_wconf 84' lang='lat' dir='ltr'><strong>inveniuntur:</strong></span> <span class='ocrx_word' id='word_1_71' title='bbox 699 1418 751 1494; x_wconf 85' lang='grc'><strong>21,</strong></span> <span class='ocrx_word' id='word_1_72' title='bbox 763 1419 794 1482; x_wconf 88' lang='lat'><strong>8.</strong></span> <span class='ocrx_word' id='word_1_73' title='bbox 810 1417 921 1500; x_wconf 84' lang='lat'>31,31.</span> <span class='ocrx_word' id='word_1_74' title='bbox 936 1420 1085 1504; x_wconf 66' lang='lat' dir='ltr'><strong>§ua-40,</strong></span> <span class='ocrx_word' id='word_1_75' title='bbox 1100 1442 1163 1504; x_wconf 87' lang='lat' dir='ltr'><strong>quo</strong></span> <span class='ocrx_word' id='word_1_76' title='bbox 1177 1421 1306 1507; x_wconf 90' lang='lat' dir='ltr'><strong>puidem</strong></span> 
     </span>
     <span class='ocr_line' id='line_1_11' title="bbox 196 1520 1306 1614; baseline 0.006 -24"><span class='ocrx_word' id='word_1_77' title='bbox 196 1524 353 1610; x_wconf 89' lang='lat' dir='ltr'><strong>epitaphii</strong></span> <span class='ocrx_word' id='word_1_78' title='bbox 367 1523 438 1589; x_wconf 87' lang='lat' dir='ltr'><strong>loeo</strong></span> <span class='ocrx_word' id='word_1_79' title='bbox 462 1523 569 1588; x_wconf 89' lang='lat' dir='ltr'><strong>verbis</strong></span> <span class='ocrx_word' id='word_1_80' title='bbox 584 1520 1119 1614; x_wconf 74' lang='grc' dir='ltr'>ἡλὲηαεν-ἐδάκροσεν-ἠγάαθη</span> <span class='ocrx_word' id='word_1_81' title='bbox 1143 1530 1306 1597; x_wconf 90' lang='lat' dir='ltr'><strong>oommise-</strong></span> 
     </span>
     <span class='ocr_line' id='line_1_12' title="bbox 192 1628 1307 1719; baseline 0.007 -23"><span class='ocrx_word' id='word_1_82' title='bbox 192 1631 275 1697; x_wconf 87' lang='lat' dir='ltr'><strong>ratio</strong></span> <span class='ocrx_word' id='word_1_83' title='bbox 289 1631 323 1697; x_wconf 92' lang='lat' dir='ltr'><strong>in</strong></span> <span class='ocrx_word' id='word_1_84' title='bbox 337 1650 460 1698; x_wconf 91' lang='lat' dir='ltr'><strong>summo</strong></span> <span class='ocrx_word' id='word_1_85' title='bbox 471 1628 655 1695; x_wconf 78' lang='lat' dir='ltr'><strong>discrimine</strong></span> <span class='ocrx_word' id='word_1_86' title='bbox 664 1628 861 1694; x_wconf 84' lang='lat' dir='ltr'><strong>versantium</strong></span> <span class='ocrx_word' id='word_1_87' title='bbox 876 1629 1013 1697; x_wconf 84' lang='lat' dir='ltr'><strong>effertur.</strong></span> <span class='ocrx_word' id='word_1_88' title='bbox 1025 1633 1067 1697; x_wconf 89' lang='lat' dir='ltr'><strong>At</strong></span> <span class='ocrx_word' id='word_1_89' title='bbox 1076 1655 1181 1719; x_wconf 86' lang='lat' dir='ltr'><strong>paone</strong></span> <span class='ocrx_word' id='word_1_90' title='bbox 1191 1637 1307 1704; x_wconf 88' lang='lat' dir='ltr'><strong>iisdem</strong></span> 
     </span>
     <span class='ocr_line' id='line_1_13' title="bbox 192 1735 1306 1826; baseline 0.008 -23"><span class='ocrx_word' id='word_1_91' title='bbox 192 1738 410 1804; x_wconf 87' lang='lat' dir='ltr'><strong>attributionis</strong></span> <span class='ocrx_word' id='word_1_92' title='bbox 433 1736 540 1803; x_wconf 90' lang='lat' dir='ltr'><strong>verbis</strong></span> <span class='ocrx_word' id='word_1_93' title='bbox 563 1755 638 1802; x_wconf 89' lang='lat' dir='ltr'><strong>reus</strong></span> <span class='ocrx_word' id='word_1_94' title='bbox 663 1756 698 1802; x_wconf 87' lang='lat' dir='ltr'><strong>se</strong></span> <span class='ocrx_word' id='word_1_95' title='bbox 721 1735 792 1821; x_wconf 88' lang='lat' dir='ltr'><strong>ipse</strong></span> <span class='ocrx_word' id='word_1_96' title='bbox 816 1736 993 1822; x_wconf 87' lang='lat' dir='ltr'><strong>eomplorat</strong></span> <span class='ocrx_word' id='word_1_97' title='bbox 1015 1739 1049 1804; x_wconf 91' lang='lat' dir='ltr'><strong>in</strong></span> <span class='ocrx_word' id='word_1_98' title='bbox 1062 1742 1214 1826; x_wconf 87' lang='lat' dir='ltr'><strong>perieulis</strong></span> <span class='ocrx_word' id='word_1_99' title='bbox 1237 1768 1306 1814; x_wconf 87' lang='lat' dir='ltr'><strong>ver-</strong></span> 
     </span>
     <span class='ocr_line' id='line_1_14' title="bbox 196 1843 1305 1932; baseline 0.008 -21"><span class='ocrx_word' id='word_1_100' title='bbox 196 1851 300 1911; x_wconf 82' lang='lat' dir='ltr'><strong>satum</strong></span> <span class='ocrx_word' id='word_1_101' title='bbox 325 1848 377 1929; x_wconf 80' lang='lat'><strong>21,</strong></span> <span class='ocrx_word' id='word_1_102' title='bbox 401 1847 444 1911; x_wconf 86' lang='grc'><strong>24</strong></span> <span class='ocrx_word' id='word_1_103' title='bbox 467 1843 1022 1932; x_wconf 55' lang='grc' dir='ltr'>ἠλέησα-ἐδάκροοα-ἐμνήολμν.</span> <span class='ocrx_word' id='word_1_104' title='bbox 1067 1848 1215 1918; x_wconf 87' lang='lat' dir='ltr'><strong>Mirabile</strong></span> <span class='ocrx_word' id='word_1_105' title='bbox 1230 1874 1305 1921; x_wconf 88' lang='lat' dir='ltr'><strong>vero</strong></span> 
     </span>
     <span class='ocr_line' id='line_1_15' title="bbox 193 1947 1306 2037; baseline 0.011 -21"><span class='ocrx_word' id='word_1_106' title='bbox 193 1951 279 2017; x_wconf 78' lang='lat' dir='ltr'><strong>&lt;lietu</strong></span> <span class='ocrx_word' id='word_1_107' title='bbox 307 1956 365 2035; x_wconf 82' lang='lat' dir='ltr'><strong>est,</strong></span> <span class='ocrx_word' id='word_1_108' title='bbox 388 1955 587 2035; x_wconf 90' lang='lat' dir='ltr'><strong>quantopere</strong></span> <span class='ocrx_word' id='word_1_109' title='bbox 602 1953 775 2031; x_wconf 89' lang='lat' dir='ltr'><strong>sequentes</strong></span> <span class='ocrx_word' id='word_1_110' title='bbox 790 1947 854 2013; x_wconf 87' lang='lat' dir='ltr'><strong>loei</strong></span> <span class='ocrx_word' id='word_1_111' title='bbox 869 1948 929 2015; x_wconf 93' lang='lat' dir='ltr'><strong>sibi</strong></span> <span class='ocrx_word' id='word_1_112' title='bbox 945 1953 1170 2037; x_wconf 85' lang='lat' dir='ltr'><strong>respondeant.</strong></span> <span class='ocrx_word' id='word_1_113' title='bbox 1196 1957 1258 2036; x_wconf 81' lang='lat' dir='ltr'><strong>oui</strong></span> <span class='ocrx_word' id='word_1_114' title='bbox 1274 1962 1306 2028; x_wconf 89' lang='lat' dir='ltr'><strong>in</strong></span> 
     </span>
     <span class='ocr_line' id='line_1_16' title="bbox 194 2054 1306 2141; baseline 0.012 -19"><span class='ocrx_word' id='word_1_115' title='bbox 194 2057 382 2123; x_wconf 85' lang='lat' dir='ltr'><strong>diversitate</strong></span> <span class='ocrx_word' id='word_1_116' title='bbox 396 2056 443 2122; x_wconf 92' lang='lat' dir='ltr'><strong>rei</strong></span> <span class='ocrx_word' id='word_1_117' title='bbox 457 2055 689 2141; x_wconf 77' lang='lat' dir='ltr'><strong>compositione</strong></span> <span class='ocrx_word' id='word_1_118' title='bbox 712 2059 844 2138; x_wconf 89' lang='lat' dir='ltr'><strong>totoque</strong></span> <span class='ocrx_word' id='word_1_119' title='bbox 867 2054 995 2122; x_wconf 76' lang='lat' dir='ltr'><strong>dicendi</strong></span> <span class='ocrx_word' id='word_1_120' title='bbox 1020 2061 1126 2129; x_wconf 89' lang='lat' dir='ltr'><strong>oolore</strong></span> <span class='ocrx_word' id='word_1_121' title='bbox 1145 2064 1229 2132; x_wconf 87' lang='lat' dir='ltr'><strong>adeo</strong></span> <span class='ocrx_word' id='word_1_122' title='bbox 1245 2069 1306 2135; x_wconf 90' lang='lat' dir='ltr'><strong>sibi</strong></span> 
     </span>
     <span class='ocr_line' id='line_1_17' title="bbox 197 2159 1306 2249; baseline 0.01 -18"><span class='ocrx_word' id='word_1_123' title='bbox 197 2164 318 2231; x_wconf 89' lang='lat' dir='ltr'><strong>similes</strong></span> <span class='ocrx_word' id='word_1_124' title='bbox 343 2170 425 2249; x_wconf 83' lang='lat' dir='ltr'><strong>sunt,</strong></span> <span class='ocrx_word' id='word_1_125' title='bbox 449 2169 484 2229; x_wconf 93' lang='lat' dir='ltr'><strong>ut</strong></span> <span class='ocrx_word' id='word_1_126' title='bbox 506 2163 539 2228; x_wconf 91' lang='lat' dir='ltr'><strong>in</strong></span> <span class='ocrx_word' id='word_1_127' title='bbox 561 2161 604 2228; x_wconf 89' lang='lat' dir='ltr'><strong>iis</strong></span> <span class='ocrx_word' id='word_1_128' title='bbox 627 2159 806 2227; x_wconf 88' lang='lat' dir='ltr'><strong>seribendis</strong></span> <span class='ocrx_word' id='word_1_129' title='bbox 830 2162 924 2244; x_wconf 86' lang='lat' dir='ltr'><strong>quasi</strong></span> <span class='ocrx_word' id='word_1_130' title='bbox 942 2162 1027 2231; x_wconf 87' lang='lat' dir='ltr'><strong>idem</strong></span> <span class='ocrx_word' id='word_1_131' title='bbox 1050 2168 1149 2234; x_wconf 91' lang='lat' dir='ltr'><strong>animi</strong></span> <span class='ocrx_word' id='word_1_132' title='bbox 1171 2172 1306 2242; x_wconf 76' lang='lat' dir='ltr'><strong>affectus</strong></span> 
     </span>
     <span class='ocr_line' id='line_1_18' title="bbox 194 2266 1307 2356; baseline 0.011 -20"><span class='ocrx_word' id='word_1_133' title='bbox 194 2277 378 2356; x_wconf 80' lang='lat' dir='ltr'><strong>commotus,</strong></span> <span class='ocrx_word' id='word_1_134' title='bbox 402 2277 508 2355; x_wconf 81' lang='lat' dir='ltr'><strong>atque,</strong></span> <span class='ocrx_word' id='word_1_135' title='bbox 531 2275 566 2334; x_wconf 89' lang='lat' dir='ltr'><strong>ut</strong></span> <span class='ocrx_word' id='word_1_136' title='bbox 588 2268 635 2333; x_wconf 88' lang='lat' dir='ltr'><strong>ita</strong></span> <span class='ocrx_word' id='word_1_137' title='bbox 659 2266 773 2352; x_wconf 77' lang='lat' dir='ltr'><strong>diuam</strong></span> <span class='ocrx_word' id='word_1_138' title='bbox 798 2267 912 2334; x_wconf 87' lang='lat' dir='ltr'><strong>eadem</strong></span> <span class='ocrx_word' id='word_1_139' title='bbox 934 2269 1056 2355; x_wconf 86' lang='lat' dir='ltr'><strong>ingenii</strong></span> <span class='ocrx_word' id='word_1_140' title='bbox 1077 2274 1157 2343; x_wconf 87' lang='lat' dir='ltr'><strong>fibra</strong></span> <span class='ocrx_word' id='word_1_141' title='bbox 1173 2278 1307 2348; x_wconf 86' lang='lat' dir='ltr'><strong>incitata</strong></span> 
     </span>
     <span class='ocr_line' id='line_1_19' title="bbox 195 2372 1306 2472; baseline 0.011 -30"><span class='ocrx_word' id='word_1_142' title='bbox 195 2398 267 2442; x_wconf 88' lang='lat' dir='ltr'><strong>esse</strong></span> <span class='ocrx_word' id='word_1_143' title='bbox 280 2377 437 2443; x_wconf 82' lang='lat' dir='ltr'><strong>videatur.</strong></span> <span class='ocrx_word' id='word_1_144' title='bbox 450 2377 554 2460; x_wconf 86' lang='lat' dir='ltr'><strong>Atque</strong></span> <span class='ocrx_word' id='word_1_145' title='bbox 569 2376 603 2440; x_wconf 94' lang='lat' dir='ltr'><strong>in</strong></span> <span class='ocrx_word' id='word_1_146' title='bbox 614 2372 779 2460; x_wconf 87' lang='lat' dir='ltr'><strong>epitaphio</strong></span> <span class='ocrx_word' id='word_1_147' title='bbox 791 2380 899 2440; x_wconf 90' lang='lat' dir='ltr'><strong>orator</strong></span> <span class='ocrx_word' id='word_1_148' title='bbox 908 2386 1101 2447; x_wconf 85' lang='lat' dir='ltr'><strong>mortuorum</strong></span> <span class='ocrx_word' id='word_1_149' title='bbox 1110 2387 1306 2472; x_wconf 88' lang='lat' dir='ltr'><strong>propinquos</strong></span> 
     </span>
     <span class='ocr_line' id='line_1_20' title="bbox 196 2482 1306 2580; baseline 0.016 -34"><span class='ocrx_word' id='word_1_150' title='bbox 196 2482 444 2567; x_wconf 80' lang='lat' dir='ltr'><strong>commiseratur,</strong></span> <span class='ocrx_word' id='word_1_151' title='bbox 468 2483 560 2549; x_wconf 90' lang='lat' dir='ltr'><strong>inor.</strong></span> <span class='ocrx_word' id='word_1_152' title='bbox 579 2484 620 2548; x_wconf 91' lang='lat'><strong>10</strong></span> <span class='ocrx_word' id='word_1_153' title='bbox 642 2487 813 2547; x_wconf 82' lang='lat' dir='ltr'><strong>aecusator</strong></span> <span class='ocrx_word' id='word_1_154' title='bbox 835 2484 877 2548; x_wconf 87' lang='lat' dir='ltr'><strong>ab</strong></span> <span class='ocrx_word' id='word_1_155' title='bbox 901 2494 1053 2552; x_wconf 86' lang='lat' dir='ltr'><strong>aoeusato</strong></span> <span class='ocrx_word' id='word_1_156' title='bbox 1077 2491 1188 2560; x_wconf 86' lang='lat' dir='ltr'><strong>oaedis</strong></span> <span class='ocrx_word' id='word_1_157' title='bbox 1203 2498 1306 2580; x_wconf 86' lang='lat' dir='ltr'><strong>patris</strong></span> 
     </span>
     <span class='ocr_line' id='line_1_21' title="bbox 193 2587 1305 2678; baseline 0.017 -26"><span class='ocrx_word' id='word_1_158' title='bbox 193 2587 243 2652; x_wconf 93' lang='lat' dir='ltr'><strong>sui</strong></span> <span class='ocrx_word' id='word_1_159' title='bbox 267 2587 469 2657; x_wconf 83' lang='lat' dir='ltr'><strong>insimulatus</strong></span> <span class='ocrx_word' id='word_1_160' title='bbox 493 2610 529 2655; x_wconf 89' lang='lat' dir='ltr'><strong>se</strong></span> <span class='ocrx_word' id='word_1_161' title='bbox 557 2589 662 2674; x_wconf 88' lang='lat' dir='ltr'><strong>ipsum</strong></span> <span class='ocrx_word' id='word_1_162' title='bbox 688 2592 875 2672; x_wconf 90' lang='lat' dir='ltr'><strong>patremque</strong></span> <span class='ocrx_word' id='word_1_163' title='bbox 904 2594 1080 2678; x_wconf 78' lang='lat' dir='ltr'><strong>complorat</strong></span> <span class='ocrx_word' id='word_1_164' title='bbox 1106 2596 1167 2665; x_wconf 90' lang='lat' dir='ltr'><strong>hoo</strong></span> <span class='ocrx_word' id='word_1_165' title='bbox 1193 2604 1305 2670; x_wconf 84' lang='lat' dir='ltr'><strong>modo:</strong></span> 
     </span>
    </p>
   </div>
   <div class='ocr_carea' id='block_1_3' title="bbox 193 2732 1306 4506">
    <p class='ocr_par' dir='ltr' id='par_1_3' title="bbox 193 2732 1306 4506">
     <span class='ocr_line' id='line_1_22' title="bbox 237 2732 1306 2828; baseline 0.022 -29"><span class='ocrx_word' id='word_1_166' title='bbox 237 2736 257 2813; x_wconf 67' lang='grc' dir='ltr'>ξ</span> <span class='ocrx_word' id='word_1_167' title='bbox 283 2737 323 2800; x_wconf 82' lang='lat' dir='ltr'><strong>ll</strong></span> <span class='ocrx_word' id='word_1_168' title='bbox 348 2732 439 2800; x_wconf 73' lang='grc' dir='ltr'>ὥστε</span> <span class='ocrx_word' id='word_1_169' title='bbox 461 2735 722 2809; x_wconf 78' lang='grc' dir='ltr'>ἄξιον-ποθεῖν·</span> <span class='ocrx_word' id='word_1_170' title='bbox 823 2739 962 2821; x_wconf 83' lang='lat' dir='ltr'><strong>10,26s.</strong></span> <span class='ocrx_word' id='word_1_171' title='bbox 977 2745 1306 2828; x_wconf 79' lang='grc' dir='ltr'>μὴτοίνονέλεεῖτε-</span> 
     </span>
     <span class='ocr_line' id='line_1_23' title="bbox 193 2837 1071 2938; baseline 0.018 -35"><span class='ocrx_word' id='word_1_172' title='bbox 193 2837 329 2905; x_wconf 80' lang='grc' dir='ltr'>ἐλεεῖν·</span> <span class='ocrx_word' id='word_1_173' title='bbox 775 2850 952 2935; x_wconf 73' lang='grc' dir='ltr'>συνγνώμην</span> <span class='ocrx_word' id='word_1_174' title='bbox 975 2849 1071 2938; x_wconf 81' lang='grc' dir='ltr'>ἔχετε.</span> 
     </span>
     <span class='ocr_line' id='line_1_24' title="bbox 193 2963 1306 3073; baseline 0.023 -44"><span class='ocrx_word' id='word_1_175' title='bbox 193 2965 326 3051; x_wconf 72' lang='grc' dir='ltr'>τίςνὰρ</span> <span class='ocrx_word' id='word_1_176' title='bbox 341 2963 722 3055; x_wconf 74' lang='grc' dir='ltr'>αὒτοῖςέτιὴδονὴκατα·</span> <span class='ocrx_word' id='word_1_177' title='bbox 775 2975 831 3047; x_wconf 86' lang='grc' dir='ltr'><strong>τίς</strong></span> <span class='ocrx_word' id='word_1_178' title='bbox 853 2979 919 3061; x_wconf 70' lang='grc' dir='ltr'><strong>γὰρ</strong></span> <span class='ocrx_word' id='word_1_179' title='bbox 943 2975 980 3042; x_wconf 81' lang='grc' dir='ltr'><strong>ἂν</strong></span> <span class='ocrx_word' id='word_1_180' title='bbox 1002 2981 1084 3067; x_wconf 84' lang='grc' dir='ltr'>ἐμοὶ</span> <span class='ocrx_word' id='word_1_181' title='bbox 1107 2985 1213 3073; x_wconf 78' lang='grc' dir='ltr'>μείζων</span> <span class='ocrx_word' id='word_1_182' title='bbox 1233 2993 1306 3053; x_wconf 77' lang='grc' dir='ltr'><strong>ταὺ-</strong></span> 
     </span>
     <span class='ocr_line' id='line_1_25' title="bbox 194 3072 1305 3178; baseline 0.023 -43"><span class='ocrx_word' id='word_1_183' title='bbox 194 3072 325 3136; x_wconf 76' lang='grc' dir='ltr'>λείτετατ</span> <span class='ocrx_word' id='word_1_184' title='bbox 339 3077 509 3139; x_wconf 73' lang='grc' dir='ltr'>τοιοῦτον</span> <span class='ocrx_word' id='word_1_185' title='bbox 532 3075 647 3159; x_wconf 81' lang='grc' dir='ltr'>ἀνδρῶν</span> <span class='ocrx_word' id='word_1_186' title='bbox 661 3078 722 3139; x_wconf 79' lang='lat' dir='ltr'><strong>ua·</strong></span> <span class='ocrx_word' id='word_1_187' title='bbox 775 3104 832 3167; x_wconf 86' lang='grc' dir='ltr'><strong>της</strong></span> <span class='ocrx_word' id='word_1_188' title='bbox 853 3089 969 3164; x_wconf 77' lang='grc' dir='ltr'>γένοιτο</span> <span class='ocrx_word' id='word_1_189' title='bbox 992 3095 1130 3176; x_wconf 79' lang='grc' dir='ltr'>συμφορὰ</span> <span class='ocrx_word' id='word_1_190' title='bbox 1152 3100 1217 3178; x_wconf 84' lang='grc' dir='ltr'>περὶ</span> <span class='ocrx_word' id='word_1_191' title='bbox 1239 3119 1305 3161; x_wconf 89' lang='grc' dir='ltr'>τοι-</span> 
     </span>
     <span class='ocr_line' id='line_1_26' title="bbox 193 3180 1305 3290; baseline 0.026 -51"><span class='ocrx_word' id='word_1_192' title='bbox 193 3185 355 3262; x_wconf 79' lang='grc' dir='ltr'>πτομένων,</span> <span class='ocrx_word' id='word_1_193' title='bbox 373 3181 555 3246; x_wconf 67' lang='lat' dir='ltr'><strong>otrates—</strong></span> <span class='ocrx_word' id='word_1_194' title='bbox 570 3180 722 3246; x_wconf 84' lang='lat' dir='ltr'><strong>desoribi-</strong></span> <span class='ocrx_word' id='word_1_195' title='bbox 775 3192 883 3255; x_wconf 72' lang='grc' dir='ltr'>ον’)τοο</span> <span class='ocrx_word' id='word_1_196' title='bbox 910 3194 1150 3278; x_wconf 53' lang='grc' dir='ltr'>πατρὸςέοῧτως</span> <span class='ocrx_word' id='word_1_197' title='bbox 1177 3199 1305 3290; x_wconf 81' lang='grc' dir='ltr'>αἰσχρὰς</span> 
     </span>
     <span class='ocr_line' id='line_1_27' title="bbox 194 3285 1304 3387; baseline 0.027 -41"><span class='ocrx_word' id='word_1_198' title='bbox 194 3291 246 3349; x_wconf 89' lang='lat' dir='ltr'><strong>tur</strong></span> <span class='ocrx_word' id='word_1_199' title='bbox 255 3285 376 3352; x_wconf 89' lang='lat' dir='ltr'><strong>orbitas</strong></span> <span class='ocrx_word' id='word_1_200' title='bbox 387 3288 635 3374; x_wconf 90' lang='lat' dir='ltr'><strong>propinquorum</strong></span> <span class='ocrx_word' id='word_1_201' title='bbox 645 3308 721 3371; x_wconf 86' lang='lat' dir='ltr'><strong>qua·</strong></span> <span class='ocrx_word' id='word_1_202' title='bbox 775 3293 874 3371; x_wconf 84' lang='grc' dir='ltr'>αἰτίας</span> <span class='ocrx_word' id='word_1_203' title='bbox 888 3297 1085 3387; x_wconf 55' lang='lat' dir='ltr'><strong>sepositae</strong></span> <span class='ocrx_word' id='word_1_204' title='bbox 1107 3312 1304 3384; x_wconf 84' lang='grc' dir='ltr'>πολλάκις-</span> 
     </span>
     <span class='ocr_line' id='line_1_28' title="bbox 194 3393 1304 3503; baseline 0.029 -49"><span class='ocrx_word' id='word_1_205' title='bbox 194 3399 266 3455; x_wconf 88' lang='lat' dir='ltr'><strong>tuor</strong></span> <span class='ocrx_word' id='word_1_206' title='bbox 287 3393 461 3460; x_wconf 91' lang='lat' dir='ltr'><strong>membris·</strong></span> <span class='ocrx_word' id='word_1_207' title='bbox 775 3401 998 3474; x_wconf 85' lang='lat' dir='ltr'><strong>deseribuntur</strong></span> <span class='ocrx_word' id='word_1_208' title='bbox 1032 3412 1167 3482; x_wconf 84' lang='lat' dir='ltr'><strong>virtutes</strong></span> <span class='ocrx_word' id='word_1_209' title='bbox 1202 3421 1304 3503; x_wconf 87' lang='lat' dir='ltr'><strong>patris</strong></span> 
     </span>
     <span class='ocr_line' id='line_1_29' title="bbox 775 3516 1093 3600; baseline 0.035 -20"><span class='ocrx_word' id='word_1_210' title='bbox 775 3516 914 3600; x_wconf 91' lang='lat' dir='ltr'><strong>quinque</strong></span> <span class='ocrx_word' id='word_1_211' title='bbox 928 3523 1093 3591; x_wconf 88' lang='lat' dir='ltr'><strong>membris-</strong></span> 
     </span>
     <span class='ocr_line' id='line_1_30' title="bbox 195 3622 1304 3745; baseline 0.024 -49"><span class='ocrx_word' id='word_1_212' title='bbox 195 3622 510 3711; x_wconf 65' lang='grc' dir='ltr'><strong>’ζηλῶ-οἰκτείρω·</strong></span> <span class='ocrx_word' id='word_1_213' title='bbox 775 3639 823 3725; x_wconf 80' lang='grc' dir='ltr'><strong>ἆρ’</strong></span> <span class='ocrx_word' id='word_1_214' title='bbox 847 3641 929 3715; x_wconf 79' lang='grc' dir='ltr'>ἄξιον</span> <span class='ocrx_word' id='word_1_215' title='bbox 952 3644 1304 3745; x_wconf 64' lang='grc' dir='ltr'>ὀργισθῆναι-βοηθῆσαι,</span> 
     </span>
     <span class='ocr_line' id='line_1_31' title="bbox 195 3748 1304 3849; baseline 0.017 -38"><span class='ocrx_word' id='word_1_216' title='bbox 195 3749 230 3812; x_wconf 82' lang='grc' dir='ltr'><strong>τί</strong></span> <span class='ocrx_word' id='word_1_217' title='bbox 244 3752 309 3835; x_wconf 76' lang='grc' dir='ltr'><strong>γὰρ</strong></span> <span class='ocrx_word' id='word_1_218' title='bbox 329 3748 370 3821; x_wconf 80' lang='grc' dir='ltr'><strong>ἂν</strong></span> <span class='ocrx_word' id='word_1_219' title='bbox 385 3755 520 3817; x_wconf 81' lang='grc' dir='ltr'>τοὺτων</span> <span class='ocrx_word' id='word_1_220' title='bbox 534 3751 721 3838; x_wconf 82' lang='grc' dir='ltr'>ἀνιαρότε-</span> <span class='ocrx_word' id='word_1_221' title='bbox 775 3750 811 3813; x_wconf 79' lang='grc' dir='ltr'><strong>τί</strong></span> <span class='ocrx_word' id='word_1_222' title='bbox 823 3754 888 3836; x_wconf 79' lang='grc' dir='ltr'><strong>γὰρ</strong></span> <span class='ocrx_word' id='word_1_223' title='bbox 913 3750 954 3819; x_wconf 79' lang='grc' dir='ltr'><strong>ἂν</strong></span> <span class='ocrx_word' id='word_1_224' title='bbox 968 3761 1096 3822; x_wconf 70' lang='grc' dir='ltr'>τοῦτον</span> <span class='ocrx_word' id='word_1_225' title='bbox 1112 3759 1304 3849; x_wconf 81' lang='grc' dir='ltr'>ἀνιαρότε-</span> 
     </span>
     <span class='ocr_line' id='line_1_32' title="bbox 196 3856 1304 3954; baseline 0.019 -37"><span class='ocrx_word' id='word_1_226' title='bbox 196 3877 257 3939; x_wconf 83' lang='grc' dir='ltr'><strong>ρον</strong></span> <span class='ocrx_word' id='word_1_227' title='bbox 280 3862 420 3935; x_wconf 75' lang='grc' dir='ltr'>γένοιτο</span> <span class='ocrx_word' id='word_1_228' title='bbox 443 3856 463 3944; x_wconf 85' lang='grc' dir='ltr'>ἢ</span> <span class='ocrx_word' id='word_1_229' title='bbox 486 3872 581 3924; x_wconf 82' lang='grc' dir='ltr'>τεκεῖν</span> <span class='ocrx_word' id='word_1_230' title='bbox 598 3865 655 3947; x_wconf 83' lang='grc' dir='ltr'><strong>μὲν</strong></span> <span class='ocrx_word' id='word_1_231' title='bbox 669 3864 722 3925; x_wconf 80' lang='grc' dir='ltr'><strong>καὶ</strong></span> <span class='ocrx_word' id='word_1_232' title='bbox 775 3880 837 3941; x_wconf 86' lang='grc' dir='ltr'><strong>ρον</strong></span> <span class='ocrx_word' id='word_1_233' title='bbox 860 3864 999 3939; x_wconf 74' lang='grc' dir='ltr'>γένοιτο</span> <span class='ocrx_word' id='word_1_234' title='bbox 1022 3861 1103 3951; x_wconf 76' lang='grc' dir='ltr'>αὐτῷ</span> <span class='ocrx_word' id='word_1_235' title='bbox 1125 3866 1304 3954; x_wconf 78' lang='grc' dir='ltr'>ἢτεθνάνατ</span> 
     </span>
     <span class='ocr_line' id='line_1_33' title="bbox 195 3961 1301 4059; baseline 0.02 -36"><span class='ocrx_word' id='word_1_236' title='bbox 195 3964 306 4048; x_wconf 78' lang='grc' dir='ltr'>θρέψαι</span> <span class='ocrx_word' id='word_1_237' title='bbox 333 3967 402 4039; x_wconf 84' lang='grc' dir='ltr'>τοὺς</span> <span class='ocrx_word' id='word_1_238' title='bbox 429 3962 540 4050; x_wconf 79' lang='grc' dir='ltr'>αὑτων,</span> <span class='ocrx_word' id='word_1_239' title='bbox 567 3966 599 4033; x_wconf 80' lang='grc' dir='ltr'><strong>ἐν</strong></span> <span class='ocrx_word' id='word_1_240' title='bbox 622 3967 657 4030; x_wconf 83' lang='grc' dir='ltr'><strong>δὲ</strong></span> <span class='ocrx_word' id='word_1_241' title='bbox 679 3979 722 4052; x_wconf 81' lang='grc' dir='ltr'><strong>τῷ</strong></span> <span class='ocrx_word' id='word_1_242' title='bbox 777 3969 840 4049; x_wconf 81' lang='grc' dir='ltr'><strong>μὲν</strong></span> <span class='ocrx_word' id='word_1_243' title='bbox 862 3961 918 4031; x_wconf 69' lang='grc' dir='ltr'><strong>ὑπὸ</strong></span> <span class='ocrx_word' id='word_1_244' title='bbox 941 3977 1002 4034; x_wconf 83' lang='grc' dir='ltr'><strong>τῶν</strong></span> <span class='ocrx_word' id='word_1_245' title='bbox 1016 3972 1148 4059; x_wconf 72' lang='grc' dir='ltr'>ἐχθρῶν,</span> <span class='ocrx_word' id='word_1_246' title='bbox 1164 3974 1261 4045; x_wconf 75' lang='grc' dir='ltr'>αἰτίαν</span> <span class='ocrx_word' id='word_1_247' title='bbox 1275 3982 1301 4045; x_wconf 82' lang='grc' dir='ltr'><strong>δ’</strong></span> 
     </span>
     <span class='ocr_line' id='line_1_34' title="bbox 194 4068 1303 4158; baseline 0.013 -25"><span class='ocrx_word' id='word_1_248' title='bbox 194 4075 274 4156; x_wconf 73' lang='grc' dir='ltr'><strong>γήρα</strong></span> <span class='ocrx_word' id='word_1_249' title='bbox 297 4068 560 4146; x_wconf 78' lang='grc' dir='ltr'>ἀδυνάτους-εἷναι</span> <span class='ocrx_word' id='word_1_250' title='bbox 578 4111 621 4120; x_wconf 95' lang='grc'>-</span> <span class='ocrx_word' id='word_1_251' title='bbox 638 4111 677 4121; x_wconf 91' lang='lat'>-</span> <span class='ocrx_word' id='word_1_252' title='bbox 776 4069 857 4157; x_wconf 75' lang='grc' dir='ltr'>ἔχειν</span> <span class='ocrx_word' id='word_1_253' title='bbox 880 4070 935 4138; x_wconf 77' lang='grc' dir='ltr'><strong>ὑπὸ</strong></span> <span class='ocrx_word' id='word_1_254' title='bbox 958 4086 1019 4143; x_wconf 84' lang='grc' dir='ltr'><strong>τῶν</strong></span> <span class='ocrx_word' id='word_1_255' title='bbox 1042 4080 1169 4158; x_wconf 62' lang='lat' dir='ltr'><strong>italiam</strong></span> <span class='ocrx_word' id='word_1_256' title='bbox 1194 4122 1237 4131; x_wconf 90' lang='lat'><strong>—</strong></span> <span class='ocrx_word' id='word_1_257' title='bbox 1261 4123 1303 4134; x_wconf 91' lang='lat'><em>-</em></span> 
     </span>
     <span class='ocr_line' id='line_1_35' title="bbox 196 4193 1303 4294; baseline 0.019 -34"><span class='ocrx_word' id='word_1_258' title='bbox 196 4193 721 4290; x_wconf 75' lang='grc' dir='ltr'>ὅοῳνὰρᾶνδμεςάμείνοοςὴοαν,</span> <span class='ocrx_word' id='word_1_259' title='bbox 777 4196 849 4284; x_wconf 76' lang='lat' dir='ltr'><strong>‘o&#39;op</strong></span> <span class='ocrx_word' id='word_1_260' title='bbox 890 4203 1034 4289; x_wconf 70' lang='grc' dir='ltr'><strong>μείζους</strong></span> <span class='ocrx_word' id='word_1_261' title='bbox 1076 4203 1131 4271; x_wconf 72' lang='grc' dir='ltr'><strong>εἶσὶ</strong></span> <span class='ocrx_word' id='word_1_262' title='bbox 1166 4213 1218 4273; x_wconf 76' lang='grc' dir='ltr'><strong>καὶ</strong></span> <span class='ocrx_word' id='word_1_263' title='bbox 1253 4211 1303 4294; x_wconf 69' lang='lat' dir='ltr'><strong>(l)</strong></span> 
     </span>
     <span class='ocr_line' id='line_1_36' title="bbox 195 4308 1302 4402; baseline 0.013 -35"><span class='ocrx_word' id='word_1_264' title='bbox 195 4308 352 4389; x_wconf 82' lang='grc' dir='ltr'>τοοοὺτῳ·</span> <span class='ocrx_word' id='word_1_265' title='bbox 373 4318 435 4379; x_wconf 86' lang='grc' dir='ltr'>τοῖς</span> <span class='ocrx_word' id='word_1_266' title='bbox 460 4311 723 4397; x_wconf 72' lang='grc' dir='ltr'><strong>καταλειπομένοις</strong></span> <span class='ocrx_word' id='word_1_267' title='bbox 778 4309 888 4373; x_wconf 78' lang='grc' dir='ltr'>νεανίαι</span> <span class='ocrx_word' id='word_1_268' title='bbox 924 4314 980 4382; x_wconf 84' lang='grc' dir='ltr'><strong>τὰς</strong></span> <span class='ocrx_word' id='word_1_269' title='bbox 1011 4310 1108 4399; x_wconf 81' lang='grc' dir='ltr'>ὄψεις,</span> <span class='ocrx_word' id='word_1_270' title='bbox 1144 4320 1302 4402; x_wconf 73' lang='grc' dir='ltr'>τοαοῦτῳ</span> 
     </span>
     <span class='ocr_line' id='line_1_37' title="bbox 195 4414 1252 4506; baseline 0.009 -29"><span class='ocrx_word' id='word_1_271' title='bbox 195 4415 230 4477; x_wconf 81' lang='grc' dir='ltr'><strong>τὸ</strong></span> <span class='ocrx_word' id='word_1_272' title='bbox 253 4416 386 4486; x_wconf 78' lang='grc' dir='ltr'>πένθος</span> <span class='ocrx_word' id='word_1_273' title='bbox 409 4420 537 4501; x_wconf 76' lang='grc' dir='ltr'>μεῖζον.</span> <span class='ocrx_word' id='word_1_274' title='bbox 778 4420 919 4503; x_wconf 87' lang='grc' dir='ltr'>μᾶλλον</span> <span class='ocrx_word' id='word_1_275' title='bbox 941 4414 1050 4506; x_wconf 67' lang='grc' dir='ltr'>ὀργῆς</span> <span class='ocrx_word' id='word_1_276' title='bbox 1076 4419 1151 4493; x_wconf 80' lang='grc' dir='ltr'>ἄξιοί</span> <span class='ocrx_word' id='word_1_277' title='bbox 1174 4419 1252 4488; x_wconf 77' lang='grc' dir='ltr'>εἰσιν.</span> 
     </span>
    </p>
   </div>
   <div class='ocr_carea' id='block_1_4' title="bbox 0 0 1563 4884">
    <p class='ocr_par' dir='ltr' id='par_1_4' title="bbox 0 0 1563 4884">
     <span class='ocr_line' id='line_1_38' title="bbox 0 0 1563 4884; baseline 0 0"><span class='ocrx_word' id='word_1_278' title='bbox 0 0 1563 4884; x_wconf 95' lang='lat' dir='ltr'><strong> </strong></span> 
     </span>
    </p>
   </div>
  </div>
 </body>
</html>
