3109 4884
759 340 801 403 10

287 531 336 594 Lx
367 531 481 599 iisdem
513 533 690 599 rationibus
727 532 861 616 originis
894 539 926 597 et
962 539 1098 599 naturae
1130 532 1334 616 eloquentiae

223 637 434 722 epideictioae
458 639 595 705 elocutio
619 639 776 725 epitaphii
800 639 903 724 repeti
928 646 1024 723 atque
1045 639 1198 726 explicari
1217 647 1333 726 potest

223 743 363 827 Gorgias
386 745 419 810 in
443 745 608 831 epitaphio
632 766 690 812 suo
715 745 872 812 eiusmodi
901 746 1104 831 splendorem
1128 753 1160 812 et
1187 747 1333 831 amplitu-

223 850 329 917 dinem
362 854 530 918 verborum
563 853 738 919 ostentavit
769 873 809 918 ao
831 873 911 938 prae
939 873 975 919 se
998 853 1079 938 tulit,
1102 860 1138 919 ut
1170 852 1238 918 fieri
1270 874 1332 918 uon

221 966 342 1043 posset,
366 960 443 1042 quin
467 960 536 1027 eius
560 960 739 1045 exemplum
768 966 801 1025 et
828 960 1004 1026 auotoritas
1035 960 1070 1025 in
1096 960 1230 1025 multum
1256 965 1332 1026 tem-

222 1085 282 1149 pus
305 1065 429 1132 valeret
460 1087 500 1133 ae
530 1067 705 1152 pertineret
727 1086 831 1149 neque
859 1067 892 1132 in
920 1066 1022 1152 Lysia
1054 1067 1169 1133 effectu
1201 1072 1333 1132 careret.

222 1171 264 1237 At
288 1172 369 1237 enim
392 1172 445 1238 hio
467 1173 539 1258 ipse
562 1180 671 1239 orator
693 1173 726 1238 in
750 1193 897 1240 sermone
928 1172 1127 1239 iudicialium
1154 1173 1333 1239 orationum

222 1283 288 1342 tam
311 1278 450 1364 simplex
473 1287 524 1346 est
546 1300 642 1364 quam
666 1280 836 1364 quisquam
860 1300 933 1347 esse
946 1286 1063 1366 potest,
1087 1280 1220 1364 eiusque
1243 1286 1333 1346 tenu·

222 1385 287 1451 itas
312 1384 439 1452 dicendi
463 1387 694 1473 anionysio1)
727 1387 791 1473 ipsi
819 1387 962 1472 Gorgiae
990 1407 1130 1474 pompae
1161 1393 1334 1473 praerupte

222 1491 401 1577 opponitur.
445 1493 488 1559 At
510 1493 565 1560 ille
593 1494 722 1561 criticus
756 1515 828 1560 oum
859 1495 894 1560 in
925 1494 1071 1561 omnibus
1105 1501 1172 1560 tum
1208 1494 1242 1559 in
1272 1494 1334 1559 hac

223 1599 427 1666 contentione
451 1622 490 1667 ex
512 1601 638 1686 potiore
661 1607 753 1687 parte
777 1600 942 1669 iudicasse
965 1608 1062 1685 atque
1075 1602 1196 1686 Lysiae
1217 1601 1332 1666 oratio·

221 1726 280 1772 nes
308 1706 491 1793 iudiciales,
524 1714 635 1774 eontra
667 1707 937 1775 demonstrativas
970 1708 1130 1792 Georgiae
1162 1709 1196 1774 in
1227 1713 1333 1774 mente

221 1812 375 1879 habuisse
397 1814 533 1881 uidetur.
580 1814 707 1900 Quippe
739 1815 823 1880 enim
854 1816 888 1880 in
920 1814 1171 1882 demonstrativo
1205 1814 1334 1898 quidem

222 1938 340 2002 genere
364 1922 482 1987 oratori
504 1928 614 1988 nostro
629 1921 790 2006 quendam
812 1921 941 1987 modum
954 1922 1074 2007 poetici
1098 1927 1230 1988 ornatus
1254 1941 1333 1987 sane

222 2026 407 2107 concedito
454 2029 523 2094 lam
545 2049 622 2095 vero
646 2029 711 2093 iam
734 2028 823 2115 apud
845 2028 998 2113 Gorgiam
1021 2029 1127 2114 ipsum
1157 2029 1241 2093 inter
1269 2028 1332 2093 duo

224 2134 282 2200 illa
305 2134 434 2202 dicendi
457 2155 577 2220 genera
609 2142 733 2201 tantum
764 2136 936 2203 discrimen
969 2135 1119 2202 dictionis
1151 2136 1334 2202 intercessit

210 2247 320 2325 =atque
341 2243 456 2328 valuit,
475 2249 525 2308 ‘ut
555 2243 676 2328 Lysiae
709 2242 894 2329 epitaphius
927 2250 993 2308 tam
1025 2243 1205 2309 elocutione
1236 2261 1332 2325 quam

222 2349 454 2434 compositione
485 2351 540 2415 vix
571 2350 692 2416 maiore
725 2349 826 2416 distet
857 2350 1027 2416 intervallo
1060 2351 1101 2415 ab
1138 2349 1232 2415 buius
1264 2348 1331 2414 lere

221 2456 468 2522 Eratosthenica
501 2477 596 2540 quam
628 2456 716 2522 illius
745 2447 883 2523 rhetoris
907 2456 1090 2542 epitaphius
1114 2457 1156 2522 ab
1188 2454 1332 2522 eiusdem

222 2563 367 2629 oratione
388 2584 446 2649 pro
470 2563 653 2631 Palamede.
698 2564 845 2648 Namque
868 2563 995 2629 omnino
1019 2582 1127 2628 omnes
1152 2581 1220 2647 eae,
1250 2581 1331 2645 quas

222 2670 439 2755 tractavimus,
453 2689 505 2736 res
519 2669 563 2736 ad
578 2670 784 2736 iactationem
800 2671 1111 2754 ostentationemque
1125 2674 1332 2754 comparatae

221 2797 285 2842 non
308 2777 412 2843 solum
432 2777 554 2862 Lysiae
577 2776 733 2863 epitaphii
755 2777 907 2862 propriae
930 2783 1017 2861 sunt,
1046 2775 1104 2843 sed
1126 2776 1200 2861 plus
1227 2775 1332 2841 minus

222 2883 266 2949 ad
288 2889 389 2949 totum
412 2903 514 2967 genus
537 2883 650 2949 harum
665 2885 844 2949 orationum
858 2884 1027 2969 pertinent.
1073 2884 1149 2949 Sive
1165 2883 1249 2949 enim
1270 2882 1332 2947 hoo

222 2992 344 3075 ingenii
362 2997 522 3057 oratorum
546 2991 614 3057 sive
629 2991 742 3058 iudicii
757 2991 940 3057 auditorum
955 2991 1024 3057 sive
1039 2991 1204 3074 utriusque
1220 2990 1332 3055 vitium

222 3105 300 3184 erat,
322 3106 358 3165 ut
381 3099 480 3165 semel
495 3098 634 3182 Gorgias
657 3098 747 3164 illam
771 3105 873 3166 artem
892 3099 1096 3183 eloquentiae
1119 3097 1332 3184 epideicticae

222 3205 357 3291 aperuit,
381 3225 491 3272 omnes
504 3206 700 3290 posteriores
724 3207 757 3271 in
771 3206 832 3272 hoc
856 3227 974 3290 genere
988 3226 1046 3292 per
1060 3206 1191 3288 longum
1205 3211 1331 3290 tempus

223 3314 292 3380 eius
315 3313 456 3396 vestigia
480 3313 704 3396 sequebantur.
749 3313 797 3379 Ac
820 3313 994 3399 praecipue
1021 3314 1054 3377 in
1077 3311 1263 3378 funebribus
1292 3317 1332 3395 et,

222 3440 284 3504 quo
300 3439 446 3503 quaeque
469 3419 511 3485 iis
528 3420 733 3503 cognatiores
757 3426 857 3506 erant,
881 3420 1080 3485 orationibus
1103 3418 1277 3484 traditione
1300 3425 1332 3483 et

228 3526 335 3615 prisco
359 3525 498 3609 quodam
520 3525 584 3590 ritu
611 3526 785 3610 singularis
817 3526 976 3610 quaedam
1007 3526 1181 3592 ostentatio
1209 3523 1334 3592 sancita

222 3633 324 3700 luisse
345 3632 480 3718 videtur,
505 3653 588 3717 quae
603 3634 665 3699 arti
680 3633 943 3717 affectationique
965 3634 1133 3699 materiam
1146 3632 1332 3719 praebebat,

221 3748 370 3806 naturam
410 3739 691 3824 sinceritatemque
737 3741 939 3826 reprimebat.
998 3739 1083 3818 Quin
1124 3741 1221 3807 etiam
1261 3758 1332 3804 cum

222 3848 406 3932 eloquentia
436 3847 544 3912 Attica
570 3847 733 3914 iudicialis
760 3847 794 3913 in
822 3869 977 3915 summum
1008 3848 1174 3933 fastigium
1209 3846 1334 3930 gloriae

222 3960 335 4022 evecta
359 3960 445 4020 esset
468 3960 565 4037 atque
589 3955 654 4019 iam
676 3955 802 4039 pridem
825 3956 971 4022 omnibus
994 3956 1131 4025 vinculis
1154 3953 1235 4020 artis
1254 3954 1332 4020 Gor-

223 4061 341 4145 gianae
365 4081 400 4126 se
424 4061 637 4146 liberavisset,
661 4062 694 4125 in
716 4062 959 4130 laudationibus
983 4063 1112 4147 quidem
1135 4062 1203 4129 suis
1225 4063 1333 4128 Xeno·

222 4169 308 4253 phon
330 4168 386 4234 ille
418 4174 450 4233 et
472 4167 656 4254 Hyperides
684 4168 870 4236 affectatum
905 4170 986 4236 illud
1016 4169 1160 4236 iactandi
1193 4169 1333 4236 studium

298 4395 317 4466 ¹)
335 4398 392 4452 Ibd
411 4398 437 4452 3.
476 4396 498 4465 ²)
515 4398 556 4452 De
574 4398 634 4467 Lys.
655 4399 680 4453 3.
